2488 4296
339 428 454 485 141
787 402 1273 468 ALNWICK‘S
1328 466 1330 469 ,
1357 403 1923 470 V1s1TATioNs

338 569 594 627 campanis
638 567 702 613 ad
748 567 1027 622 matutinaS,
1069 566 1217 612 rediit
1255 566 1320 612 ad
1359 567 1543 613 lectum
1583 569 1780 614 omissis
1819 568 2086 613 matutinis.
2177 568 2380 614 Fatetur

337 632 548 690 primam
573 632 765 689 partem
788 630 983 675 articuli
1008 631 1057 674 et
1080 630 1260 675 iurauit
1283 630 1347 676 de
1370 631 1674 690 peragendo.
1766 631 1936 677 Habet
1969 631 2019 676 in
2044 631 2380 690 penitenciam

335 694 472 755 quod
509 694 558 738 in
599 694 826 752 proxima
864 692 1264 754 quadragesimal
1300 697 1532 753 sequatur
1568 694 1776 740 chorum
1812 695 1947 740 omni
1981 696 2144 750 nocte,
2170 696 2220 739 et
2242 693 2380 755 quod

338 758 474 802 omni
509 756 664 802 sexta²
686 756 810 801 feria
844 758 1160 802 contentetur
1194 770 1292 802 vno
1326 770 1510 815 genere
1548 758 1773 816 piscium,
1816 760 1865 803 et
1903 759 2038 803 omni
2078 759 2218 802 sexta
2256 756 2382 803 feria
2406 784 2420 790 -

338 821 525 866 ieiunet
547 820 597 864 in
622 834 751 878 pane
776 821 825 864 et
848 834 989 880 aqua,
1012 818 1205 864 duabus
1229 821 1452 879 exceptis
1476 821 1656 881 quibus
1678 823 1842 866 vtatur
1866 821 2087 866 ceruisia.

471 882 694 943 [Abbasz
729 881 954 942 fatetmz]
1029 882 1155 928 Item
1180 881 1303 928 dicit
1336 883 1473 944 quod
1507 883 1663 928 abbas
1700 898 1800 929 non
1837 883 1966 928 iacet
2002 883 2052 927 in
2088 883 2383 929 dormitorio

339 945 575 1007 (fatetur),
602 960 695 991 nec
718 947 854 990 venit
876 946 941 990 ad
967 946 1233 990 matutinas
1257 946 1350 990 nisi
1385 947 1435 991 in
1469 946 1829 1005 principalibus
1865 944 2103 1007 (fatetur),
2128 960 2223 992 nec
2245 948 2386 991 curat

341 1010 404 1055 de
428 1009 669 1068 religione
693 1009 771 1054 vel
796 1008 979 1053 diuinis
1012 1007 1189 1054 officiis
1223 1007 1459 1069 (fatetur),
1486 1012 1535 1054 et
1571 1009 1860 1068 necgligens
1884 1012 1959 1055 est
1982 1009 2032 1054 in
2057 1009 2386 1055 correccioni-

339 1073 430 1118 bus
466 1072 843 1127 monachorum,
881 1074 930 1117 et
967 1071 1232 1117 solomodo
1268 1073 1454 1131 regitur
1477 1087 1566 1131 per
1598 1072 1854 1132 Gedeney,
1881 1072 2194 1131 capellanum
2227 1087 2384 1128 suum,

340 1151 430 1194 per
454 1136 746 1195 pincernam
773 1138 822 1180 et
844 1134 1057 1191 cocum,8
1074 1149 1284 1194 quorum
1303 1135 1524 1181 consiliis
1542 1138 1591 1181 et
1609 1135 1876 1180 nullatinus
1893 1135 2200 1181 confratrum
2218 1136 2387 1181 omnia

336 1199 458 1245 facit
481 1198 673 1259 (negat).
746 1198 981 1257 Purgauit
1004 1213 1057 1243 se
1082 1198 1146 1244 de
1170 1197 1268 1244 hoc
1292 1198 1398 1243 sola
1421 1213 1583 1244 manu.

469 1262 691 1321 (Abbas:
726 1264 909 1320 negat.)
980 1262 1107 1307 Item
1131 1261 1254 1306 dicit
1277 1261 1414 1322 quod
1438 1263 1630 1306 tantum
1665 1261 1729 1307 de
1762 1262 2059 1308 victualibus
2098 1262 2387 1308 monasterii

339 1325 639 1385 expenditur
662 1325 712 1370 in
735 1325 852 1370 villa
875 1326 1002 1370 sicut
1025 1325 1155 1370 inter
1178 1324 1468 1381 monachos,
1489 1327 1539 1370 et
1557 1325 1655 1371 hoc
1675 1339 1736 1371 ex
1755 1325 1992 1371 missione
2010 1325 2263 1384 pincerne.
2321 1325 2388 1370 Et

337 1390 497 1435 eciam
515 1389 746 1448 purgauit
769 1403 822 1434 se
846 1389 952 1434 sola
975 1403 1137 1433 manu.

466 1451 747 1509 (Andreas.)
838 1452 965 1497 Item
1003 1451 1126 1497 dicit
1163 1451 1300 1513 quod
1335 1450 1564 1497 Andreas
1591 1451 1920 1512 Palfrayman,
1946 1451 2137 1507 Scotus,
2163 1452 2386 1498 seruiens

336 1515 545 1571 abbatis,
572 1515 768 1560 induxit
792 1515 916 1560 duas
939 1514 1100 1560 fatuas
1124 1515 1356 1560 mulieres
1391 1517 1441 1560 et
1475 1515 1661 1560 locauit
1698 1529 1781 1561 eas
1817 1530 1967 1574 supra
2006 1515 2283 1561 sacristiam
2321 1514 2388 1561 et⁴

337 1580 511 1624 strauit
534 1580 606 1624 eis
628 1594 780 1624 vnum
802 1579 987 1624 lectum
1010 1578 1214 1633 ibidem,
1230 1578 1305 1623 vacl
1323 1592 1472 1639 quem
1490 1577 1640 1623 finem
1660 1578 1783 1624 dicit
1801 1593 1854 1624 se
1872 1579 2065 1625 nescire
2083 1596 2092 1634 ;
2117 1578 2255 1640 quod
2273 1593 2387 1624 cum

338 1643 592 1688 detectum
615 1642 791 1687 fuisset
812 1642 982 1687 abbati
1007 1656 1097 1701 per
1121 1641 1375 1701 Anderby,
1399 1642 1556 1687 abbas
1581 1642 1769 1687 dimisit
1791 1641 1914 1687 illud
1937 1642 2030 1687 sub
2054 1642 2274 1698 silencio,
2293 1656 2388 1688 nec

335 1706 471 1751 aliud
510 1705 632 1767 quid
666 1705 786 1751 fecit
825 1706 876 1750 in
912 1706 1248 1751 correccione.
1319 1705 1386 1750 Et
1425 1705 1548 1751 dicit
1587 1705 1724 1766 quod
1764 1720 1827 1751 ex
1865 1706 2149 1751 necessario
2188 1707 2388 1764 oportet

336 1770 485 1815 istum
508 1768 762 1815 Andream
786 1769 1021 1815 amoueri.

466 1831 656 1890 (Abbas
679 1849 688 1879 :
723 1831 944 1894 fatetur.)
983 1833 1129 1883 ,Item
1154 1831 1277 1878 dicit
1299 1831 1436 1893 quod
1459 1832 1616 1877 abbas
1639 1832 1736 1877 isto
1759 1833 1968 1878 absente
1984 1831 2213 1878 vendidit
2235 1846 2387 1878 vnum

337 1896 624 1942 corrodium
650 1895 849 1942 cuidam
872 1896 1199 1957 Wyldebore,
1235 1910 1328 1954 pro
1365 1909 1466 1957 quo
1501 1896 1694 1955 recepit
1729 1910 1757 1941 c
1793 1910 1999 1952 marcas,
2036 1898 2086 1941 et
2117 1895 2250 1941 valet
2281 1895 2388 1942 fere

337 1974 427 2019 per
456 1974 642 2005 annum
677 1974 710 2005 x
744 1974 938 2005 marcas
979 1958 1182 2021 (fatetur
1217 1960 1274 2004 de
1310 1960 1582 2018 consensu);
1619 1962 1669 2005 et
1703 1959 1839 2004 aliud
1873 1958 2102 2005 vendidit
2127 1958 2387 2005 Willelmo

341 2023 651 2079 Puncharde,
677 2037 769 2082 pro
793 2037 893 2084 quo
917 2024 1108 2082 recepit
1129 2037 1161 2068 x
1184 2023 1248 2078 li.,
1269 2024 1319 2068 et
1341 2023 1472 2068 valet
1495 2037 1585 2082 per
1602 2037 1787 2068 annum
1805 2023 1978 2082 xxxiij'*
1993 2021 2088 2082 iiijd
2110 2021 2135 2084 (
2124 2023 2315 2082 fatetur
2331 2023 2389 2067 de

337 2102 558 2132 consensu
583 2090 740 2132 tamen
764 2086 1070 2147 conuentus);
1107 2089 1157 2132 et
1179 2086 1315 2131 aliud
1338 2086 1423 2132 isto
1453 2089 1663 2146 presente
1698 2085 1912 2146 Johanni
1951 2086 2123 2143 Hoise,
2159 2100 2252 2146 pro
2285 2099 2387 2147 quo

338 2151 528 2210 recepit
563 2165 630 2196 xx
662 2150 726 2206 li.,
766 2152 815 2195 et
851 2150 1004 2196 valuit
1039 2164 1129 2209 per
1168 2164 1354 2195 annum
1393 2152 1606 2210 quatuor
1646 2164 1839 2195 marcas
1879 2148 2132 2208 (fatetur);
2169 2152 2219 2196 et
2251 2148 2388 2195 aliud

341 2214 564 2260 Roberto
592 2214 778 2259 Howet
802 2213 867 2259 de
892 2213 1188 2272 Normanby
1211 2227 1303 2272 pro
1337 2227 1403 2258 xx
1436 2213 1503 2268 li.,
1540 2215 1589 2258 et
1622 2213 1775 2258 valuit
1813 2215 2026 2274 quatuor
2066 2227 2259 2259 marcas
2297 2227 2388 2272 per

333 2292 518 2323 annum
543 2276 746 2338 (fatetur
769 2277 826 2322 de
849 2275 1090 2338 consensu)
1113 2293 1122 2332 ;
1159 2279 1208 2321 et
1240 2276 1375 2322 aliud
1401 2276 1625 2322 Roberto
1653 2276 1852 2333 Howet,
1878 2279 2143 2336 sargeaunt
2166 2278 2384 2335 portere,

335 2342 433 2387 isto
473 2342 718 2387 existente
756 2340 892 2400 apud
934 2340 1231 2401 Molycourt,
1272 2354 1365 2399 pro
1405 2340 1487 2399 viij
1531 2340 1724 2395 marcis,
1763 2342 1814 2385 et
1851 2339 1984 2385 valet
2019 2354 2050 2385 v
2083 2339 2271 2385 nobila⁵
2293 2354 2386 2399 per

337 2419 522 2450 annum
546 2403 767 2465 (fatetur)
795 2422 803 2458 ;
841 2406 891 2450 et
913 2404 1050 2449 aliud
1076 2403 1294 2449 Ricardo
1321 2403 1600 2463 Bekeryng‚
1627 2403 1866 2464 botylere,
1891 2417 1985 2462 pro
2018 2418 2085 2448 xx
2118 2403 2312 2456 marcis,
2337 2405 2389 2449 et

335 2469 467 2514 valet
489 2468 608 2528 xlvj⁵
630 2466 739 2527 viijdl
761 2482 851 2526 per
875 2482 1060 2513 annum
1086 2467 1341 2528 (satetztr);
1379 2470 1428 2512 et
1461 2467 1583 2528 quid
1617 2469 1784 2512 actum
1821 2469 1896 2512 est
1932 2466 1997 2512 de
2030 2467 2137 2513 istis
2170 2467 2388 2526 receptis

337 2533 569 2586 nescitur,
595 2532 689 2577 nisi
712 2534 905 2576 tantum
940 2531 1004 2576 de
1037 2531 1118 2590 xvj
1156 2531 1335 2576 marcis
1373 2530 1589 2590 receptis
1625 2530 1690 2575 de
1729 2529 1946 2576 Ricardo
1988 2530 2237 2591 Botylere,
2272 2544 2387 2576 cum

336 2596 517 2657 quibus
540 2569 794 2654 Anderby,
819 2598 939 2640 tunc
962 2594 1260 2649 cellerarius,
1286 2594 1436 2639 soluit
1459 2593 1631 2639 debita
1653 2593 1863 2639 abbatis.

464 2658 691 2718 (Abbas:
727 2658 950 2719 fatetur.)
1020 2658 1146 2703 Item
1172 2657 1294 2703 dicit
1317 2657 1453 2718 quod
1477 2657 1634 2702 abbas
1658 2671 1912 2718 nunquam
1935 2656 2160 2702 reddidit
2182 2670 2386 2716 compo-

336 2725 441 2767 tum
466 2722 529 2768 de
553 2725 781 2781 tempore
805 2736 894 2767 suo
919 2722 1012 2767 nisi
1036 2736 1133 2767 vna
1155 2721 1279 2778 vice,
1300 2724 1350 2766 et
1368 2720 1467 2767 hoc
1485 2721 1723 2780 magistro
1741 2721 1939 2766 Thome
1956 2720 2151 2766 Warde
2167 2720 2387 2766 visitanti

337 2785 540 2831 ibidem
611 2785 826 2831 Fatetur.

467 2849 710 2908 (OmneS.)
781 2849 907 2894 Item
945 2848 1067 2894 dicit
1103 2847 1240 2909 quod
1277 2847 1538 2894 silencium
1571 2847 1622 2892 in
1657 2847 1792 2892 nullo
1816 2846 2079 2903 obsertur,⁶
2100 2861 2194 2893 nec
2228 2847 2388 2893 eciam

339 2912 664 2958 commedunt
687 2926 780 2958 nec
805 2911 1185 2958 commederunt
1208 2912 1259 2956 in
1282 2911 1552 2957 refectorio
1575 2911 1682 2956 istis
1705 2925 1772 2956 xx
1793 2911 1949 2967 annis,
1975 2911 2070 2956 nisi
2109 2913 2303 2956 tantum
2335 2911 2387 2956 in

440 3023 449 3046 ¹
479 3025 516 3061 si
533 3025 750 3062 cancelled.

435 3075 451 3098 2
478 3077 569 3112 Sic:
598 3082 743 3125 quarta
762 3089 889 3114 seems
910 3083 949 3114 to
969 3076 1018 3114 be
1038 3086 1184 3114 meant.

436 3124 452 3148 ³
478 3128 552 3176 qui
568 3133 623 3164 est
640 3128 855 3165 cancelled.

437 3176 453 3199 ⁴¹
467 3180 569 3227 jecit
587 3178 804 3216 cancelled.

437 3227 453 3250 ⁵
481 3231 566 3266 Sic·
559 3258 567 3266 .
588 3229 646 3266 for
668 3231 830 3267 nobilza.

437 3277 454 3301 ⁶
480 3281 570 3317 Sic.
600 3280 658 3318 for
684 3282 921 3318 observatur.

436 3349 448 3373 ¹
478 3350 730 3400 Wednesday
756 3364 921 3400 appears
951 3358 991 3388 to
1020 3351 1068 3388 be
1097 3357 1240 3389 meant.

434 3400 451 3423 2
478 3402 606 3440 There
624 3415 688 3439 are
708 3414 759 3439 no
779 3402 947 3440 remains
965 3402 1010 3440 of
1023 3403 1089 3440 the
1107 3403 1234 3449 abbey
1255 3401 1465 3450 buildings.
1528 3401 1604 3439 See
1636 3406 1728 3438 note
1767 3410 1800 3446 1,
1835 3411 1887 3437 on
1918 3413 1958 3449 p.
1996 3410 2044 3447 30
2069 3399 2207 3446 above,
2235 3399 2294 3438 for
2320 3399 2388 3438 the

335 3452 508 3490 variable
527 3466 608 3502 pos
602 3453 697 3490 tion
717 3453 762 3490 of
775 3453 842 3490 the
861 3453 1023 3501 sacristy
1041 3453 1081 3490 in
1103 3453 1358 3491 Benedictine
1378 3452 1582 3490 churches.

437 3503 452 3526 ³
479 3504 636 3542 There
627 3517 659 3541 is
679 3517 786 3541 more
807 3505 900 3542 than
919 3517 994 3542 one
1016 3505 1127 3553 place
1146 3505 1190 3541 os
1211 3504 1290 3542 this
1308 3516 1423 3541 name
1442 3503 1482 3540 in
1505 3502 1794 3540 Lincolnshire.
1852 3501 2049 3551 Probably
2078 3502 2324 3551 Normanby-
2332 3502 2388 3539 le-

338 3555 470 3599 Wold,
490 3556 611 3593 about
634 3564 677 3604 15
699 3555 811 3592 miles
830 3565 881 3591 w.
887 3565 918 3592 5.
924 3565 974 3592 w.
1001 3555 1044 3592 of
1072 3556 1382 3597 Humberstone,
1402 3555 1434 3592 is
1454 3562 1612 3592 meant.
1641 3566 1716 3591 one
1735 3554 1781 3591 of
1796 3553 1862 3591 the
1881 3553 1996 3591 roads
2014 3565 2145 3591 across
2165 3553 2232 3591 the
2259 3553 2388 3591 wolds

337 3613 524 3644 connects
542 3608 608 3644 the
628 3614 706 3643 two
726 3607 868 3655 places.

437 3657 452 3681 ⁴
478 3658 564 3695 The
586 3665 717 3707 portet
737 3658 781 3694 of
798 3657 863 3695 the
883 3663 1130 3706 monastery:
1163 3657 1563 3706 serjeant=serviens‚
1583 3657 1608 3692 i.
1616 3669 1645 3692 e
1670 3655 1840 3704 serving-
1845 3667 1950 3692 man.

438 3707 516 3745 ⁵11
534 3709 611 3746 this
629 3721 708 3746 was
727 3721 749 3745 a
767 3720 912 3757 grange
931 3709 974 3745 of
990 3709 1056 3746 the
1075 3720 1213 3745 monas
1195 3715 1299 3757 stery
1318 3708 1367 3745 its
1386 3708 1555 3756 position
1575 3707 1607 3745 is
1625 3706 1838 3744 uncertain.
1899 3707 1975 3743 But
1994 3705 2060 3743 the
2080 3706 2278 3744 reference
2296 3718 2387 3754 may

335 3759 383 3796 be
402 3766 443 3796 to
462 3760 527 3798 the
547 3760 660 3797 small
681 3760 809 3810 priory
829 3759 873 3796 of
891 3759 1146 3796 Mullieourt
1137 3772 1177 3796 in
1196 3759 1262 3796 the
1282 3759 1411 3805 parish
1439 3759 1484 3796 of
1507 3759 1691 3798 Outwell.
1713 3757 1893 3796 Norfolk.
1911 3770 2004 3795 near
2032 3757 2231 3801 Wisbech,
2251 3757 2297 3795 of
2318 3757 2385 3795 the

332 3810 460 3860 origin
488 3811 532 3848 of
559 3811 687 3848 which
707 3810 900 3858 nothing
891 3823 923 3847 is
943 3810 1090 3847 known
1110 3810 1190 3858 (see
1221 3811 1263 3846 V.
1273 3812 1314 3845 C.
1321 3810 1375 3846 H
1397 3810 1563 3860 Norsolk
1584 3819 1634 3853 11,
1657 3818 1744 3856 349-
1752 3807 1829 3857 50).
1905 3809 1941 3846 It
1971 3821 2049 3846 was
2077 3808 2214 3846 united
2245 3815 2286 3846 to
2318 3809 2385 3847 the

335 3862 577 3912 possessions
603 3863 647 3900 of
671 3861 747 3910 Ely
773 3861 972 3899 cathedral
1001 3861 1130 3910 priory
1149 3860 1189 3898 in
1212 3861 1322 3908 1446,
1345 3861 1397 3909 by
1416 3863 1521 3910 royal
1542 3861 1688 3898 licence
1708 3860 1868 3909 bearing
1888 3859 1979 3897 date
2000 3868 2021 3907 7
2042 3860 2146 3908 Aug.
2167 3859 2270 3908 (Cal.
2295 3860 2383 3898 Pae.
