2488 4296
308 355 388 424 98
759 353 1248 411 ALNWICK’S
1331 351 1896 411 VISITATIONS

308 528 396 559 nes
419 527 519 558 non
543 511 855 558 sufficiebant
878 510 1094 570 collegio
1117 525 1207 571 per
1230 525 1428 566 annum,
1455 512 1504 555 et
1535 509 1634 556 hoc
1657 511 1707 556 in
1733 510 1934 558 defectu
1968 511 2199 558 habentis
2222 513 2348 573 regi-

307 591 422 623 men
445 575 645 621 familie.

447 639 552 698 [Fo.
583 637 720 699 11d.]
793 637 920 682 Item
957 636 1079 682 dicit
1115 636 1178 684 de
1215 637 1314 684 hoc
1349 636 1485 697 quod
1520 636 1738 697 collegii1
1775 640 1963 685 starent
1997 641 2047 685 in
2073 641 2350 686 communis

306 702 583 749 secundum
607 703 802 756 statuta,
826 702 879 745 vt
902 714 1062 759 supra.

434 766 673 824 Magister
707 763 990 810 Willelmus
1023 764 1320 824 Appeltone,
1362 764 1609 823 presbiter
1643 767 1692 810 et
1726 766 1890 812 socius
1933 769 2203 825 perpetuus
2247 767 2346 814 col·

304 830 434 888 legii,
461 829 583 874 dicit
605 828 742 889 quod
779 826 983 889 quidam
1023 828 1242 886 segniter
1275 828 1481 872 veniunt
1516 827 1582 872 ad
1619 841 1824 887 magnas
1848 830 2021 875 missas
2045 830 2095 875 in
2119 830 2346 890 collegio,

305 894 389 954 qui
412 893 522 938 aliis
545 892 877 951 pretermissis
901 891 1324 950 occupacionibus
1348 893 1554 950 possent
1577 892 1731 937 cicius
1753 894 1925 939 venire
1947 894 1988 938 si
2012 893 2347 952 preuiderent.

435 956 562 1001 Item
586 955 709 1000 dicit
732 954 868 1015 quod
892 954 1096 1016 quidam
1120 969 1183 1000 ex
1206 954 1569 1000 consuetudine
1598 959 1832 1002 exercent
1865 956 2098 1002 tabernas
2121 957 2347 1016 publicas

306 1021 356 1065 in
379 1019 494 1064 villa
516 1019 719 1073 ibidem,
743 1018 977 1064 videlicet
1000 1018 1264 1077 presbiteri
1288 1019 1425 1063 socii.

437 1083 564 1128 Item
600 1081 723 1127 dicit
759 1081 896 1143 quod
932 1096 1046 1127 cum
1083 1081 1272 1127 dictum
1312 1084 1417 1126 erat
1457 1081 1726 1128 Redburne
1763 1082 1827 1128 de
1863 1083 2180 1143 improperiis
2205 1087 2254 1130 et
2284 1084 2349 1131 de

307 1146 436 1192 mala
458 1149 658 1204 gestura
681 1160 768 1190 sua
790 1159 946 1204 penes
970 1145 1261 1204 collegiatos
1295 1147 1345 1190 et
1378 1145 1508 1190 mala
1530 1145 1631 1190 vita
1653 1147 1870 1205 propria,
1894 1147 2253 1206 vilipendendo
2277 1149 2350 1194 eis

304 1208 695 1269 respondendo‚2
710 1211 764 1254 vt
786 1208 1001 1269 Johanni
1028 1208 1341 1264 Puttenham,
1363 1223 1511 1269 quem
1530 1210 1729 1254 vocauit
1751 1210 1953 1268 publice
1975 1225 2144 1256 coram
2169 1212 2346 1271 magis-

305 1276 383 1319 tro
407 1275 456 1319 et
478 1273 586 1318 aliis
611 1287 785 1318 cecum
809 1286 1042 1327 scurram,
1063 1275 1113 1317 et
1139 1272 1363 1317 Henrico
1382 1271 1625 1317 Stonham
1643 1274 1880 1332 imposuit
1896 1275 2086 1320 crimen
2105 1289 2218 1320 cum
2243 1312 2252 1321 .
2279 1312 2288 1321 .
2319 1274 2350 1320 .⁸

436 1337 563 1382 Item
587 1335 709 1381 dicit
731 1335 868 1397 quod
902 1335 1037 1380 idem
1064 1335 1336 1381 Redburne
1360 1335 1486 1380 dixit
1509 1336 1646 1397 quod
1670 1337 1816 1381 sciuit
1839 1338 2033 1396 cepisse
2056 1338 2347 1397 magistrum

306 1415 437 1446 nunc
461 1400 658 1458 collegii
684 1402 734 1445 et
760 1399 1046 1444 Emmotam
1071 1399 1135 1444 de
1158 1398 1208 1459 ly
1234 1398 1420 1459 Butery
1444 1399 1589 1444 simul
1613 1402 1850 1445 coeuntes
1873 1402 1913 1445 si
1937 1401 2114 1457 vellet3
2147 1404 2189 1446 et
2211 1402 2349 1464 quod

305 1463 482 1511 eciam⁴
505 1463 789 1509 sollicitauit
821 1461 1100 1508 Iohannam
1125 1461 1388 1507 Potcnham
1418 1462 1483 1508 ad
1507 1463 1827 1509 concubitum
1854 1479 2010 1519 suum,
2036 1468 2087 1511 et
2110 1480 2222 1511 cum
2247 1480 2347 1511 non

304 1528 621 1583 consentiret,
647 1527 849 1572 iactauit
885 1541 938 1571 se
974 1526 1304 1572 concubuisse
1341 1541 1454 1571 cum
1493 1527 1684 1586 Agnete⁶
1718 1526 1960 1574 Stonham
1995 1531 2044 1575 et
2066 1528 2175 1574 aliis
2198 1529 2346 1588 pluri-

304 1593 410 1648 bus,
435 1594 486 1636 vt
509 1591 663 1637 cicius
686 1590 906 1636 alliceret
929 1590 1024 1635 sibi
1049 1590 1233 1636 dictam
1258 1589 1551 1650 Johannam'.

434 1655 560 1700 Item
583 1657 635 1700 vt
658 1654 889 1699 mulieres
913 1653 1176 1700 sollicitate
1199 1668 1290 1712 per
1314 1668 1426 1699 eum
1450 1653 1516 1699 ad
1540 1654 1860 1700 concubitum
1885 1670 2029 1700 suum
2053 1655 2206 1702 cicius
2230 1670 2346 1702 con·
2437 1686 2440 1688 -

304 1719 558 1773 sentirent,
585 1718 711 1763 dixit
744 1717 911 1776 plures
945 1717 1010 1763 de
1034 1717 1247 1776 collegio
1270 1719 1443 1764 tenere
1466 1718 1711 1772 mulieres,
1737 1719 1825 1764 viz.
1851 1718 2003 1776 illum,
2027 1719 2179 1776 illum,
2205 1722 2255 1766 et
2277 1721 2350 1766 sic

302 1785 498 1829 ceteros
520 1781 687 1841 plures
711 1780 1003 1827 diffamauit.

435 1846 562 1891 Item
602 1845 724 1891 dicit
758 1844 909 1906 quod,
949 1845 999 1889 in
1035 1844 1394 1904 probacionem
1431 1846 1836 1904 consumpcionis
1869 1846 2116 1893 bonorum
2150 1846 2348 1907 collegii

305 1924 395 1970 per
421 1909 705 1965 Redburne,
730 1908 866 1954 idem
895 1908 1167 1954 Redburne
1200 1908 1342 1955 dedit
1373 1908 1600 1970 Johanne
1637 1909 1914 1956 Potenham
1948 1911 2142 1971 species
2175 1911 2349 1957 ambas

304 1988 479 2019 manus
512 1973 699 2032 plenas.

434 2037 560 2082 Item
585 2036 708 2082 dicit
729 2035 867 2097 quod
897 2035 1059 2082 indies
1093 2035 1340 2081 subtrahit
1373 2050 1568 2095 panem,
1595 2037 1869 2093 ceruisiam,
1895 2051 2071 2083 carnes
2094 2040 2144 2084 et
2166 2038 2344 2097 pisceS,

305 2103 355 2147 et
378 2100 476 2146 hoc
499 2101 551 2145 in
573 2099 791 2146 alueolis.

435 2164 563 2209 Item
602 2163 725 2209 dicit
763 2163 901 2225 quod
936 2163 1032 2209 isto
1070 2162 1152 2209 die
1187 2162 1252 2208 ad
1289 2165 1405 2209 octo
1442 2163 1550 2208 dies
1585 2165 1851 2222 preteritos
1883 2163 2100 2225 quedam
2123 2165 2346 2210 seruiens

305 2227 434 2274 clam
458 2228 677 2286 portauit
698 2242 728 2272 a
751 2226 964 2286 collegio
987 2226 1052 2272 ad
1077 2226 1282 2272 domum
1307 2226 1428 2272 dicti
1469 2226 1739 2273 Redburne
1775 2242 1926 2273 vnum
1966 2228 2103 2274 brest
2139 2227 2204 2274 de
2239 2242 2342 2275 mo-

303 2294 422 2338 tone
446 2294 496 2337 et
516 2291 611 2336 tria
634 2291 799 2350 capita
821 2290 1169 2350 porcellorum,
1194 2304 1406 2351 quorum
1429 2305 1580 2335 vnum
1603 2291 1826 2349 perdidit
1847 2306 1938 2350 per
1960 2292 2105 2337 viam.

434 2355 562 2400 Item
596 2354 718 2400 dicit
752 2354 816 2399 de
850 2354 1147 2414 recepcione
1181 2356 1514 2413 prouentuum
1538 2354 1735 2414 collegii
1758 2369 1848 2414 per
1871 2355 2162 2414 magistrum
2186 2355 2346 2401 solum

303 2421 352 2464 et
376 2418 714 2464 solucionibus
737 2432 827 2477 per
849 2418 1013 2477 ipsum
1036 2417 1196 2463 solum
1219 2417 1365 2463 factis
1386 2419 1439 2462 vt
1462 2432 1624 2476 supra.

432 2482 558 2527 Item
594 2483 720 2541 petit
755 2484 807 2526 vt
840 2481 1078 2527 decetero
1107 2481 1230 2527 socii
1254 2481 1453 2540 collegii
1477 2481 1575 2526 sint
1598 2481 1872 2539 senescalli,
1897 2483 1947 2528 et
1971 2495 2071 2527 non
2095 2482 2347 2541 coniugati

300 2548 353 2592 vt
375 2560 522 2591 nunc.

430 2610 557 2655 Item
602 2608 725 2655 dicit
769 2608 906 2670 quod
951 2622 1052 2654 non
1097 2607 1285 2654 habent
1327 2607 1569 2654 lecturam
1613 2608 1926 2667 temporibus
1969 2608 2167 2668 prandii
2211 2609 2348 2654 iuxta

301 2675 495 2719 statuta.

429 2737 556 2782 Item
593 2735 715 2782 dicit
751 2735 889 2797 quod
924 2737 1132 2795 propter
1172 2749 1273 2781 non
1310 2735 1723 2781 construccionis⁶
1756 2735 1958 2782 librarie
1992 2735 2106 2782 libri
2148 2735 2344 2796 collegii

300 2800 621 2846 destruuntur
643 2814 733 2859 per
755 2799 988 2859 pulueres
1012 2802 1062 2845 et
1083 2813 1292 2845 vermes

428 2864 673 2910 Dominus
712 2863 963 2909 Henricus
999 2863 1256 2919 Stonham,
1295 2862 1556 2922 presbiter,
1604 2863 1769 2909 socius
1813 2866 2084 2923 perpetuus
2128 2863 2343 2922 collegii,

300 2927 422 2973 dicit
446 2927 511 2973 de
535 2927 698 2972 missis
722 2930 771 2972 et
795 2927 936 2972 obitu
958 2929 1011 2972 vt
1035 2941 1195 2986 supra.

431 2989 731 3052 [Dominus]
780 2990 1032 3052 Johannes
1076 2990 1267 3046 Tunne,
1313 2989 1572 3049 presbiter,
1617 2990 1781 3036 socius
1819 2992 2088 3050 perpetuus
2127 2989 2340 3048 collegii,

300 3054 422 3100 dicit
446 3054 509 3101 de
533 3055 708 3111 missis,
734 3057 845 3110 etc.,
872 3055 938 3100 et⁷
961 3069 1145 3113 supra;
1182 3068 1275 3100 nec
1308 3053 1443 3115 quod
1477 3051 1666 3098 habent
1703 3053 1943 3099 diaconos
1979 3054 2029 3098 in
2066 3052 2244 3099 ordine
2278 3053 2343 3098 ad

300 3118 559 3176 euangelia
581 3117 796 3176 legenda
819 3133 913 3164 nec
935 3118 1059 3163 alios
1081 3117 1206 3163 locis
1229 3131 1415 3163 eorum.

432 3180 680 3228 Henricus
705 3180 1058 3242 Cla[mpayn],
1095 3196 1221 3226 vnus
1255 3180 1563 3234 clericorum,
1593 3189 1854 3239 generosus,
1896 3180 2010 3226 dicit
2046 3180 2174 3240 quod
2209 3181 2345 3226 stetit

299 3245 350 3290 in
387 3245 599 3303 collegio
631 3246 681 3290 ix
717 3246 873 3301 annis,
911 3248 962 3291 et
997 3248 1165 3291 tamen
1202 3259 1303 3290 non
1340 3246 1415 3290 est
1450 3243 1695 3289 admissus
1730 3244 1781 3288 in
1818 3245 2007 3290 socium
2047 3246 2344 3303 perpetuum

301 3308 498 3367 collegii
522 3309 657 3354 iuxta
681 3311 878 3354 statuta.

431 3372 558 3418 Item
595 3371 718 3418 dicit
754 3372 891 3433 quod
927 3373 967 3417 si
1009 3371 1280 3418 Redburne
1317 3372 1548 3430 expectet
1581 3371 1631 3415 in
1655 3370 1820 3416 officio
1844 3371 2117 3427 senescalli,
2143 3370 2244 3417 duo
2266 3371 2346 3417 vel

405 3482 417 3506 ¹
445 3482 508 3520 Sic
524 3497 538 3519 .·
563 3483 659 3527 socij
673 3483 856 3520 omitted.

402 3533 419 3557 2
446 3534 536 3572 Sic:
566 3533 626 3571 for
644 3534 848 3583 respondit.

403 3584 419 3608 ³
446 3585 533 3623 Sic:
563 3597 677 3622 name
698 3585 767 3622 left
787 3585 919 3623 blank.

404 3637 420 3661 4
448 3636 546 3673 This
564 3648 690 3673 seems
709 3645 750 3673 to
770 3637 816 3673 be
837 3637 903 3674 the
924 3636 1098 3686 reading,
1119 3638 1189 3675 but
1207 3637 1275 3674 the
1296 3636 1386 3675 MS.
1407 3636 1439 3673 is
1458 3636 1555 3673 hard
1577 3646 1617 3674 to
1635 3636 1750 3675 make
1769 3646 1838 3675 out
1857 3649 1895 3675 at
1915 3636 1995 3674 this
2014 3637 2142 3688 point.

404 3687 419 3710 ⁵
450 3687 695 3725 Interlined:
717 3687 893 3735 johanna
915 3688 1065 3727 erased.
2135 3687 2150 3705 “

404 3737 421 3819 ξ
447 3738 531 3826 {abt
561 3738 620 3776 for
638 3741 960 3779 construcct'onem.

479 3802 525 3832 tc.
