2488 4296
359 386 474 444 150
811 339 1300 426 ALNWICK’S
1382 369 1946 428 vis1TAT10Ns

354 531 434 572 tur
470 541 638 572 coram
674 528 782 571 toto
819 526 1069 571 conuentu
1109 527 1159 570 et
1197 527 1488 571 contentum
1525 526 1576 571 in
1599 525 1862 572 vtilitatem
1886 526 2066 572 domus
2090 526 2155 572 de
2178 527 2400 573 omniurn

358 604 605 636 consensu
629 591 918 648 exponatur.

487 653 613 698 Item
647 652 770 698 dicit
793 651 929 713 quod
953 651 1181 697 canonici
1205 665 1307 697 non
1341 655 1541 698 seruant
1564 653 1832 699 claustrum
1857 653 2041 699 debitis
2065 653 2202 700 horis
2225 667 2397 700 secun-

359 716 479 763 dum
502 715 737 775 regulam
762 716 922 761 eciam
945 715 1063 760 iussi
1087 729 1177 774 per
1201 730 1327 761 eum.
1399 716 1543 761 Fiat
1531 717 1796 763 iniunccio.

489 780 614 824 Item
639 779 762 824 dicit
784 778 921 839 quod
945 782 1119 824 cantor
1143 779 1227 839 qui
1252 782 1328 824 est
1350 793 1442 838 pro
1465 781 1693 851 ternpore
1717 795 1779 826 ex
1801 779 1967 826 officio
1991 795 2080 826 suo
2104 779 2403 826 intabularet

357 843 570 889 lectores
593 842 658 887 ad
683 842 942 900 euangelia
966 844 1015 887 et
1039 842 1277 901 epistolas
1302 859 1311 898 ;
1348 842 1452 898 sed,
1478 844 1594 904 quia
1618 858 1750 889 nunc
1773 858 1874 889 non
1901 846 1976 889 est
1999 846 2174 889 cantor
2197 844 2281 904 qui
2305 843 2401 890 hec

357 907 558 961 iaceret,
585 906 702 951 iussi
739 920 829 964 per
866 906 1085 964 priorem
1122 905 1200 951 vel
1225 906 1539 965 suppriorem
1562 907 1627 951 ad
1664 907 1763 952 hoc
1785 921 1911 952 onus
1935 907 2247 966 negligenter
2281 907 2404 952 illud

358 970 606 1016 omittunt.
678 969 922 1014 Dominus
961 968 1219 1014 mandauit
1255 970 1326 1014 eis
1364 975 1418 1014 vt
1456 969 1700 1028 deputent
1735 970 1864 1016 inter
1901 985 1954 1016 se
1992 985 2144 1015 vnum
2185 970 2250 1015 de
2283 971 2405 1029 ipsis

357 1036 626 1088 cantorem,
653 1033 736 1094 qui
761 1032 894 1077 istud
918 1031 1137 1078 officium
1161 1031 1400 1091 perficiat,
1420 1033 1499 1079 cui
1524 1032 1767 1092 deputato
1790 1034 1841 1078 in
1865 1033 1962 1079 hiis
1985 1048 2082 1094 que
2106 1033 2256 1079 officii
2274 1033 2409 1079 illius

357 1099 472 1142 sunt
506 1111 682 1142 omnes
705 1095 957 1141 obediant.

485 1160 700 1205 Sacrista
724 1174 824 1204 non
848 1159 969 1204 facit
1001 1158 1107 1205 fieri
1132 1158 1448 1218 pulsaciones
1471 1158 1536 1205 ad
1559 1158 1710 1206 horas
1732 1159 2044 1219 temporibus
2068 1160 2322 1206 consuetis
2355 1162 2405 1206 et

358 1223 555 1279 debitis,
581 1238 670 1282 per
707 1223 943 1269 clericum
983 1237 1125 1268 suum
1165 1222 1430 1279 videlicet;
1466 1238 1580 1269 nam
1616 1224 1682 1269 ad
1717 1224 1931 1283 primam
1970 1223 2094 1270 hora
2121 1224 2333 1283 septima
2355 1226 2406 1270 et

356 1287 422 1333 ad
455 1302 689 1346 vesperas
724 1287 775 1331 in
812 1288 970 1332 estate
1006 1287 1131 1332 hora
1153 1286 1221 1346 iiij
1262 1288 1311 1332 et
1333 1287 1384 1331 in
1408 1301 1552 1348 yeme
1575 1287 1700 1333 hora
1722 1288 1877 1333 tercia
1901 1286 2085 1347 pulsari
2110 1286 2405 1334 consueuit.1

362 1351 471 1396 Fiat
494 1350 759 1396 iniunccio.

487 1415 660 1459 Frater
685 1414 859 1459 Petrus
884 1413 1038 1460 Oclee
1061 1413 1293 1472 supprior
1318 1412 1441 1460 dicit
1465 1416 1515 1460 et
1538 1413 1748 1473 deponit
1770 1416 1823 1460 vt
1845 1414 1897 1460 in
1921 1414 2039 1460 billa
2062 1429 2212 1476 quam
2236 1414 2402 1460 minis-

356 1479 505 1523 trauit
527 1478 579 1523 in
602 1477 800 1536 anglico
825 1480 875 1524 et
900 1477 1058 1523 eciam
1081 1477 1229 1522 aliam
1255 1477 1425 1523 billam
1449 1478 1500 1523 in
1523 1478 1692 1524 latino.

486 1541 629 1587 Idem
669 1542 805 1600 prior
844 1541 1056 1586 habetur
1095 1543 1355 1599 suspectus
1396 1556 1510 1587 cum
1557 1541 1767 1587 Matilde
1815 1541 2080 1598 PIummer,
2122 1556 2212 1602 per
2252 1556 2402 1604 quam

357 1605 536 1651 domus
560 1605 768 1650 multum
793 1604 1089 1650 diffamatur*
1104 1607 1154 1649 et
1177 1605 1406 1650 vtensilia
1430 1604 1609 1650 domus
1634 1605 1924 1651 alienantur.

487 1669 630 1714 Idem
653 1668 789 1728 prior
814 1671 1012 1714 notatur
1035 1682 1150 1713 cum
1174 1668 1402 1729 Johanna
1425 1667 1526 1714 filia
1549 1669 1791 1729 Johannis
1816 1669 1995 1715 Clerke
2018 1669 2230 1715 seniore.

488 1733 661 1778 Frater
706 1732 959 1792 Johannes
1006 1732 1268 1778 Ouertone.
1307 1735 1506 1778 notatur
1547 1747 1659 1778 cum
1708 1732 1919 1780 Matilde
1965 1747 2119 1779 vxore
2164 1731 2404 1794 Johannis

359 1796 537 1843 Clerke
561 1811 711 1855 super
733 1796 996 1842 adulterio.

485 1861 639 1920 Seynt
661 1875 781 1921 yves
805 1860 1074 1906 canonicus
1094 1861 1168 1905 est
1191 1859 1325 1918 apud
1353 1859 1504 1905 Hulle
1529 1861 1578 1906 et
1602 1860 1776 1907 Castre
1799 1860 2069 1906 canonicus
2093 1860 2143 1906 in
2166 1860 2405 1906 comitatu

361 1925 603 1970 Deuonie.

487 1988 614 2033 Item
653 1987 776 2033 dicit
813 1987 948 2048 quod
985 1987 1210 2042 ecclesia,
1237 1987 1518 2042 claustrum,
1545 1987 1831 2046 capitulum,
1858 1986 2192 2042 refectorium,
2219 1987 2403 2033 dormi-

357 2052 539 2097 torium
580 2054 630 2097 et
666 2066 840 2097 omnes
881 2051 1073 2106 domus
1111 2050 1324 2105 officine‚
1363 2051 1489 2096 vitra
1529 2054 1578 2096 et
1617 2053 1786 2097 omnia
1829 2050 2028 2097 edificia
2071 2052 2402 2111 grangiarum,

358 2115 691 2161 maneriorum
727 2118 776 2160 et
810 2115 1131 2160 ecclesiarum
1156 2115 1587 2173 approprietarum
1622 2116 1988 2174 pertinencium
2011 2115 2252 2174 prioratui
2287 2117 2403 2160 sunt

356 2179 576 2225 totaliter
599 2179 649 2224 in
674 2179 814 2224 ruina
838 2179 889 2223 in
914 2178 1118 2224 defectu
1141 2178 1336 2237 prioris.

486 2243 613 2288 Item
653 2242 774 2288 dicit
810 2242 948 2304 quod
983 2257 1086 2288 non
1122 2242 1369 2287 habentur
1406 2242 1457 2286 in
1483 2244 1734 2288 conuentu
1759 2242 2069 2300 manutergia
2091 2256 2275 2301 mappe
2309 2242 2404 2287 nisi

358 2322 419 2353 ex
465 2310 650 2352 mutuo.
742 2306 859 2351 Non
898 2305 1148 2351 habentur
1187 2305 1376 2351 ibidem
1415 2320 1533 2351 vasa
1571 2306 1623 2351 in
1663 2304 1905 2367 qu[ibus]
1955 2306 2277 2352 commedant
2310 2305 2404 2350 nisi

355 2371 521 2430 lignea
557 2385 651 2416 nec
688 2370 935 2415 coclearia
970 2370 1063 2415 nisi
1100 2369 1279 2428 lignea,
1318 2368 1432 2430 que²
1467 2370 1636 2415 omnia
1674 2369 1961 2415 huiusmodi
1997 2369 2322 2428 implementa
2354 2371 2406 2415 et

357 2436 516 2481 eciam
539 2433 717 2480 iocalia
747 2431 979 2506 [domus]
1009 2433 1313 2492 dissipantur
1337 2436 1388 2478 et
1411 2435 1770 2478 consumuntur
1794 2448 1884 2492 per
1913 2433 2145 2492 priorem.

422 2537 427 2542 .
485 2497 826 2557 Compellatur
850 2498 986 2569 prior
1009 2497 1075 2542 ad
1099 2496 1440 2555 detegendum
1464 2496 1548 2542 vbi
1572 2499 1687 2542 sunt
1709 2496 1888 2543 iocalia
1912 2497 2104 2554 domus,
2131 2511 2246 2542 nam
2283 2496 2407 2542 dicit

356 2562 494 2624 quod
517 2577 667 2622 quarn
691 2561 777 2606 diu
799 2562 937 2621 prior
960 2563 1011 2607 et
1035 2561 1292 2607 Ouertone
1315 2561 1578 2606 steterint
1566 2576 1616 2606 1n
1642 2560 1832 2607 domo-⁸

484 2626 657 2672 Frater
700 2625 954 2686 Johannes
1002 2624 1318 2670 Russhetone
1354 2624 1564 2684 deponit
1602 2627 1655 2670 vt
1699 2624 1751 2670 in
1796 2624 1991 2670 duabus
2036 2623 2181 2680 billis,
2222 2638 2319 2669 vna
2352 2624 2404 2669 in

357 2690 568 2749 anglico,
594 2689 725 2735 alia
714 2704 764 2734 1n
788 2689 958 2735 latino.

488 2754 612 2798 Item
660 2753 783 2799 dicit
827 2752 964 2814 quod
1009 2753 1145 2812 prior
1190 2753 1240 2798 et
1284 2751 1437 2799 frater
1481 2751 1734 2813 Johannes
1791 2752 2045 2798 Ouertone
2095 2754 2209 2797 sunt
2262 2751 2405 2797 vnius

358 2817 640 2863 voluntatis.

488 2881 614 2926 Item
638 2894 738 2942 quo
761 2880 826 2926 ad
851 2880 1044 2925 ruinam
1069 2879 1344 2926 concordat
1367 2894 1482 2925 cum
1507 2879 1643 2925 Ocle.

488 2945 615 2990 Item
653 2944 775 2990 dicit
802 2944 940 3006 quod
975 2943 1214 3005 quamdiu
1250 2944 1386 3003 prior
1423 2943 1704 3003 presederit
1738 2957 1993 3005 nunquam
2029 2942 2403 3002 prosperabitur

361 3008 552 3054 domus.

460 3120 470 3143 ³
502 3134 560 3158 me
577 3121 790 3159 cancelled.

460 3171 476 3194 2
503 3173 666 3210 Altered
683 3172 783 3210 from
802 3173 886 3222 qui.

358 3224 587 3313 intenzglhe
606 3233 789 3263 sentence
808 3225 840 3262 is
858 3224 1080 3263 ”nfinished
1098 3238 1107 3261 ²
1128 3225 1319 3274 Pfflbably
1337 3236 1445 3262 some
1464 3224 1559 3263 such
1579 3224 1717 3274 phrase
1737 3236 1779 3262 as
1797 3236 2004 3273 nunquam
2019 3223 2315 3273 prosperabitur
2327 3234 2405 3260 was

461 3345 473 3369 ¹
502 3345 601 3384 This
630 3359 707 3383 was
727 3345 943 3396 ordinarily
961 3346 1028 3383 the
1049 3350 1267 3395 precentor’
1272 3360 1289 3384 s
1308 3346 1435 3394 duty
1425 3359 1465 3383 in
1485 3346 1632 3384 houses
1651 3346 1693 3383 of
1718 3358 1866 3383 canons
1895 3345 2081 3394 regular:
2110 3358 2181 3392 ag.
2207 3345 2406 3382 Consuetu-

353 3398 461 3436 dines
492 3397 530 3435 S.
566 3397 738 3442 Victoris,
757 3410 789 3434 c.
811 3398 890 3443 xxi,
913 3411 976 3446 ap.
1000 3398 1195 3440 Martene,
1231 3398 1291 3436 De
1319 3399 1490 3447 antiquis
1524 3399 1701 3436 ecclesiae
1720 3398 1860 3435 ritibus
1880 3405 1945 3442 111,
1938 3376 2053 3441 1⁵263,
2072 3396 2202 3433 where
2221 3405 2302 3432 itis
2323 3395 2404 3432 laid

356 3450 472 3486 down
505 3463 548 3486 as
579 3449 646 3486 the
681 3449 779 3507 duty
807 3449 849 3485 of
865 3426 931 3486 t’he
950 3453 1148 3486 armarius
1169 3449 1371 3498 (librarian
1394 3449 1471 3486 and
1501 3448 1755 3498 precentor)‘
1769 3449 1876 3486 omni
1896 3459 2074 3497 tempore
2094 3447 2220 3484 facere
2247 3447 2405 3484 brevem

354 3500 531 3537 tabulam
562 3513 664 3549 quae
696 3500 735 3537 in
767 3500 944 3548 capitulo
975 3501 1162 3538 recitatur
1193 3501 1241 3538 de
1274 3501 1450 3549 quolibet
1482 3499 1613 3538 officio
1640 3500 1747 3550 quod
1784 3500 1825 3537 in
1859 3500 1966 3537 brevi
2000 3499 2128 3536 notari
2147 3497 2274 3535 solet.’
2328 3497 2404 3535 See

357 3552 440 3588 also
463 3551 710 3589 Observances
727 3553 777 3599 of
792 3543 1004 3596 Barnwela
1028 3552 1106 3598 (ed.
1127 3552 1162 3596 J.
1185 3552 1244 3589 W.
1265 3552 1416 3600 Clark).
1437 3564 1473 3600 p.
1494 3551 1553 3588 61.
1604 3551 1649 3588 In
1665 3551 1718 3589 all
1732 3550 1938 3596 churches
1953 3549 2111 3599 regular
2143 3548 2220 3586 and
2242 3549 2407 3594 secula,

354 3603 420 3640 the
449 3602 662 3640 intitulatio
688 3615 731 3639 or
763 3602 999 3651 inscription
1030 3616 1137 3651 upon
1158 3616 1179 3639 a
1198 3603 1325 3640 tabula
1345 3616 1387 3640 or
1406 3603 1560 3640 written
1581 3603 1647 3640 list
1675 3602 1718 3639 of
1741 3602 1809 3640 the
1829 3614 1992 3650 persons
2011 3600 2227 3650 appointed
2247 3612 2288 3638 to
2306 3600 2405 3637 cele-

355 3655 475 3698 brate,
495 3654 586 3701 sing
605 3667 648 3691 or
667 3653 759 3691 read
779 3664 818 3689 at
839 3653 1051 3702 particular
1070 3654 1186 3691 times
1204 3654 1335 3691 would
1368 3654 1439 3691 fall
1469 3665 1511 3690 to
1539 3654 1606 3691 the
1634 3664 1852 3702 precentor.
1907 3653 1960 3689 At
1989 3652 2154 3689 Lincoln
2184 3651 2250 3688 the
2278 3651 2406 3688 tabula

352 3711 482 3742 cantus
508 3718 587 3742 was
615 3706 708 3754 kept
733 3705 785 3751 by
804 3696 871 3742 the
906 3705 1157 3752 subchanter,
1175 3706 1241 3742 the
1261 3707 1388 3743 tabula
1407 3705 1578 3742 lectionis
1598 3706 1648 3754 by
1675 3705 1742 3742 the
1760 3706 1862 3743 vice-
1849 3703 2104 3745 -‚chancellor
2122 3702 2190 3739 the
2218 3702 2402 3750 deputies

351 3757 392 3793 of
422 3756 490 3793 the
522 3766 729 3805 precentor
761 3755 837 3792 and
865 3756 1091 3793 chancellor
1121 3756 1395 3807 respectively.
1466 3757 1541 3795 See
1570 3755 1786 3794 Bradshaw
1818 3755 1897 3792 and
1934 3746 2401 3800 Wordsw0r1h‚L'incoln

354 3807 461 3846 Cath.
483 3807 693 3853 Statutes1,
715 3815 814 3853 371·
844 3806 893 3844 cf.
914 3806 1024 3855 ibzqd
1046 3809 1129 3855 8..3,
1152 3809 1237 3854 285.
