2488 4296
368 414 485 472 147
819 392 1312 452 ALNWICK’S
1399 392 1963 453 V1s1TATloNs

498 556 624 601 Item
667 552 805 615 quod
849 551 1003 598 nichil
1046 551 1236 610 grande
1279 554 1363 598 aut
1401 551 1610 598 arduum
1649 553 1742 598 nisi
1782 552 1846 599 de
1884 552 2094 599 consilio
2133 554 2330 600 maioris
2367 558 2410 601 et

367 619 571 664 sanioris
587 617 741 677 partis
764 619 1029 671 conuentus,
1055 630 1303 661 consensu
1325 617 1375 662 et
1396 630 1601 661 assensu
1625 617 1872 675 expressis
1894 615 2061 662 facere
2098 619 2408 676 presumatis,

367 697 450 728 nec
471 682 619 727 eciam
631 682 704 742 fi’
707 695 808 725 mas
830 678 1082 725 dimittatis
1103 678 1308 738 aliquas.

497 745 624 790 Item
659 743 796 804 quod
828 757 931 799 vos,
957 742 1127 798 abbaS,
1153 742 1382 802 capitulis
1417 742 1732 788 celebrandis
1755 742 2052 804 fiequenter1
2075 743 2325 800 intersitis,
2349 759 2410 791 ac

365 809 574 854 crimina
599 810 649 853 et
673 801 901 852 defectus
923 779 1330 867 'delinquencium
1369 806 1559 878 absque
1591 807 1896 866 accepcione
1929 821 2268 866 personarum,
2294 822 2409 853 cum

365 872 612 918 modestia
634 874 802 916 tamen
820 869 1062 929 paternali
1085 872 1128 915 et
1150 868 1326 930 absque
1349 871 1478 915 omni
1500 870 1706 929 strepitu,
1731 869 1939 916 clamore
1960 875 2003 917 et
2027 870 2248 927 tumultu,
2273 871 2410 917 iuxta

367 935 536 981 delicti
577 937 627 980 et
666 947 880 993 persone
917 932 1208 994 qualitatem
1246 933 1529 992 corripiatis
1559 935 1609 979 et
1633 934 1906 992 corrigatis,
1932 937 1979 980 vt
2001 934 2228 980 correccio
2250 937 2292 980 et
2315 948 2410 981 non

365 998 627 1059 impunitas
650 998 783 1043 cedat
806 997 917 1042 aliis
940 997 991 1041 in
1013 996 1290 1056 exemplum.

494 1062 622 1107 Item
645 1060 782 1122 quod
806 1059 1016 1121 quilibet
1038 1059 1427 1105 ebdomadarius
1460 1060 1511 1105 in
1535 1059 1822 1106 ebdomada
1861 1061 2089 1122 sequenti
2130 1061 2306 1107 missas
2345 1060 2410 1107 de

365 1126 590 1186 requiem
615 1127 664 1170 et
687 1124 782 1170 alia
806 1122 1043 1195 suffragia
1065 1126 1305 1169 consueta
1329 1124 1465 1168 iuxta
1482 1123 1771 1169 monasterii
1801 1124 2214 1170 consuetudinem
2239 1124 2407 1170 lauda-

365 1189 517 1234 bilem
540 1189 731 1249 absque
753 1188 889 1233 omni
914 1187 1123 1258 pigricia
1146 1186 1367 1233 celebret
1390 1187 1482 1232 sub
1505 1201 1637 1247 pena
1654 1187 1823 1233 ieiunii
1843 1188 1893 1233 in
1912 1202 2042 1248 pane
2061 1190 2110 1234 et
2127 1203 2256 1250 aqua
2272 1189 2409 1234 feriis

363 1255 539 1313 quarta
563 1254 613 1298 et
636 1254 775 1297 sexta
798 1251 1026 1311 proxime
1056 1250 1391 1311 sequentibus.

495 1317 622 1361 Item
645 1315 783 1376 quod
806 1315 972 1361 obitus
995 1313 1288 1370 fundatoris,
1329 1307 1569 1360 abbatum
1609 1316 1660 1360 et
1699 1314 2079 1361 benefactorum
2118 1315 2407 1362 monasterii

363 1380 498 1425 iuxta
521 1378 824 1425 laudabilem
851 1377 1265 1424 consuetudinem
1294 1376 1659 1439 [monasterii]²
1681 1377 1852 1424 debite
1875 1378 2150 1425 celebretis.

495 1444 622 1489 Item
661 1442 964 1502 iniungimus
1002 1441 1146 1487 vobis
1184 1441 1416 1487 omnibus
1455 1444 1505 1487 et
1543 1441 1750 1501 singulis
1783 1442 1877 1488 sub
1916 1457 2048 1501 pena
2090 1442 2409 1505 infrascripta

363 1506 501 1568 quod
524 1509 685 1553 totum
708 1506 957 1566 peculium
980 1507 1200 1551 vestrum
1223 1505 1360 1551 omni
1384 1519 1516 1551 anno
1539 1506 1668 1551 inter
1691 1506 1995 1552 dominicam
2019 1506 2231 1565 primam
2253 1505 2406 1568 quad-

364 1571 608 1630 ragesime
632 1573 682 1616 et
706 1570 1047 1615 dominicam
1035 1584 1086 1614 1n
1110 1569 1289 1628 palmis
1311 1569 1482 1614 abbati
1506 1583 1599 1628 pro
1622 1571 1850 1628 tempore
1878 1570 2110 1615 existenti
2144 1570 2408 1616 oculariter

361 1635 551 1696 absque
576 1633 930 1680 concelacione
954 1632 1119 1694 aliqua
1164 1631 1518 1694 [exhibeatis],
1559 1635 1610 1678 et
1648 1633 1792 1679 vobis
1829 1633 2002 1679 abbati
2038 1633 2176 1695 quod
2215 1633 2406 1679 exhibi-

363 1699 561 1744 cionem
585 1698 768 1757 peculii
793 1696 1077 1742 huiusmodi
1101 1711 1131 1741 a
1154 1696 1415 1742 monachis
1438 1697 1615 1742 vestris
1638 1697 1838 1755 penitus
1866 1697 2088 1756 exigatis.

494 1763 621 1807 Item
644 1761 946 1820 iniungimus
969 1761 1112 1806 vobis
1151 1760 1321 1805 abbati
1362 1759 1455 1805 sub
1491 1774 1622 1819 pena
1660 1759 1979 1820 infrascripta
2017 1759 2154 1822 quod
2191 1760 2407 1820 sigillum

364 1840 630 1871 commune
669 1827 947 1871 conuentus
970 1823 1035 1869 ad
1059 1838 1233 1870 causas
1256 1839 1353 1869 vna
1376 1838 1490 1869 cum
1515 1824 1695 1869 ceteris
1720 1824 1899 1870 domus
1924 1824 2198 1871 euidenciis
2231 1825 2283 1869 in
2309 1824 2408 1870 vna

362 1890 489 1935 cista
512 1890 604 1934 sub
628 1889 786 1934 tribus
810 1888 1120 1934 diuersarum
1143 1887 1415 1933 formarum
1439 1887 1655 1943 seruriS,³
1672 1888 1886 1934 clauium
1909 1903 2119 1950 quarum
2136 1903 2284 1934 vnam
2301 1902 2405 1945 VOS,

363 1954 534 2007 abbas,
561 1956 610 1999 et
632 1953 754 1998 alias
778 1952 902 1997 duas
926 1951 1026 1997 duo
1050 1951 1228 1997 fratres
1251 1951 1317 1997 ad
1341 1951 1439 1997 hoc
1472 1966 1562 2011 per
1597 1954 1900 1997 conuentum
1933 1951 2152 2011 eligendi
2186 1953 2369 2011 geratis
2395 1970 2404 2009 ;

368 2015 472 2077 [et]
500 2016 655 2062 nichil
678 2017 878 2076 penitus
901 2015 1143 2074 sigilletur
1167 2030 1280 2061 cum
1303 2015 1415 2074 ipso
1442 2015 1605 2074 sigillo
1639 2016 1734 2061 nisi
1768 2016 1819 2061 in
1853 2016 2072 2075 capitulo
2106 2018 2157 2062 et
2190 2016 2255 2061 de
2288 2029 2421 2062 con-.

363 2095 511 2126 sensu
535 2080 735 2126 maioris
759 2082 809 2125 et
832 2079 1041 2125 sanioris
1064 2079 1219 2138 partis
1242 2081 1534 2125 conuentus.

494 2144 621 2190 Item
665 2143 966 2202 iniungimus
1010 2143 1154 2188 vobis
1197 2142 1367 2188 abbati
1421 2145 1473 2188 vt
1527 2141 1706 2188 fratres
1761 2142 2069 2188 infirmantes
2117 2142 2407 2204 frequenter

361 2208 571 2254 visitetis
594 2210 644 2254 et
667 2208 739 2253 eis
762 2221 963 2252 omnem
986 2206 1348 2252 humanitatem
1379 2206 1671 2262 exhibeatis,
1712 2206 1900 2252 cibaria
1943 2204 2262 2267 [subti]liora
2299 2206 2406 2266 ipsis

362 2271 695 2317 conueniencia
724 2274 773 2317 et
795 2270 1072 2316 medicinas
1095 2270 1275 2331 quibus
1297 2271 1451 2316 cicius
1475 2270 1828 2316 conualescant
1851 2269 2180 2315 ministrando
2200 2270 2402 2316 eisdem.

492 2336 757 2381 Monemus
780 2335 930 2393 igitur
952 2348 1042 2380 vos
1065 2348 1240 2380 omnes
1273 2336 1323 2380 et
1356 2333 1592 2393 singulos,
1617 2336 1877 2393 presentes
1911 2336 1961 2379 et
1994 2333 2200 2390 futuros,
2226 2334 2403 2393 primo,

363 2399 586 2445 secundo
609 2402 659 2444 et
681 2399 839 2444 tercio
860 2398 1215 2470 peremptorie,
1229 2400 1387 2457 preter
1402 2400 1551 2457 penas
1573 2398 1915 2458 suprascriptas
1938 2392 2030 2442 sub
2054 2407 2184 2456 pena
2206 2412 2406 2443 excom-

362 2463 721 2509 municacionis
774 2462 988 2518 maioris,
1045 2476 1195 2523 quam
1250 2462 1301 2506 in
1356 2475 1597 2521 personas
1650 2465 1840 2508 vestras
1895 2461 2168 2520 singulares
2213 2462 2254 2506 si
2309 2460 2405 2506 hiis

361 2527 760 2572 iniunccionibus
789 2525 866 2587 [et
888 2523 1162 2586 mandatis]
1192 2525 1374 2571 nostris
1397 2524 1726 2572 effectualiter
1765 2540 1866 2571 non
1902 2525 2194 2571 obedieritis
2233 2527 2283 2570 et
2321 2539 2406 2570 eas

361 2591 497 2636 iuxta
518 2589 699 2636 eorum⁴²
721 2604 923 2636 sensum
945 2603 1047 2635 non
1071 2589 1472 2645 obseruaueritis,
1497 2589 1803 2635 intendimus
1836 2588 2114 2642 fulminare,
2138 2591 2191 2634 vt
2214 2587 2405 2634 eisdem

359 2654 760 2700 iniunccionibus
799 2656 850 2699 et
888 2653 1137 2698 mandatis
1161 2653 1343 2698 nostris
1368 2655 1417 2698 et
1440 2667 1613 2698 eorum
1636 2653 1841 2699 cuilibet
1869 2652 2121 2698 humiliter
2155 2652 2404 2698 obediatis

361 2721 411 2764 et
449 2718 734 2773 intendatis,
775 2731 934 2778 eaque
970 2720 1020 2762 et
1059 2731 1232 2762 eorum
1271 2716 1534 2778 quodlibet
1567 2717 1921 2763 inuiolabiliter
1944 2716 2235 2772 obseruetis,
2260 2716 2405 2761 sicuti

362 2782 583 2827 diuinam
620 2784 670 2827 et
709 2781 978 2827 humanam
1014 2780 1263 2826 vlcionem
1304 2779 1526 2840 effugere
1564 2795 1624 2827 ac
1664 2795 1820 2841 penas
1859 2779 2114 2840 predictas
2152 2779 2408 2826 volueritis

363 2846 563 2891 euitare.

486 2908 727 2954 Volumus
765 2909 968 2968 insuper
1008 2910 1058 2954 et
1097 2908 1190 2953 sub
1228 2907 1372 2967 penis
1411 2907 1761 2968 suprascriptis
1805 2907 2107 2967 iniungimus
2151 2905 2229 2968 [et
2267 2921 2404 2952 man-

362 2971 565 3033 damus]
594 2973 826 3034 quatinus
848 2973 1091 3031 premissa
1114 2973 1282 3017 nostra
1305 2972 1647 3018 iniuncciones
1670 2974 1720 3017 et
1742 2971 1978 3018 mandata
2001 2973 2176 3032 quater
2199 2971 2250 3015 in
2273 2985 2406 3017 anno

362 3036 586 3097 quolibet
609 3036 809 3095 publice
832 3037 882 3081 in
923 3035 1143 3096 capitulo
1183 3049 1353 3081 coram
1391 3038 1501 3081 toto
1539 3038 1792 3081 conuentu
1831 3037 2151 3094 congregato,
2192 3049 2255 3080 ne
2295 3035 2406 3096 quis

361 3103 580 3145 vestrum
621 3114 792 3145 eorum
828 3100 1170 3159 ignoranciam
1209 3099 1511 3158 pretendere
1550 3099 1726 3155 valeat,
1766 3099 1850 3145 illa
1887 3099 2055 3158 lingua
2094 3113 2190 3159 que
2230 3099 2407 3144 melius

361 3164 569 3223 intelligi
599 3162 810 3224 [possit]
839 3164 936 3222 legi
971 3163 1180 3220 faciatis,
1205 3165 1256 3209 et
1290 3177 1462 3209 eorum
1500 3178 1670 3208 veram
1708 3163 1907 3222 copiam
1946 3161 2150 3208 cuilibet
2186 3165 2406 3208 vestrum

360 3228 550 3286 petenti
594 3228 809 3273 liberari.
900 3228 1030 3273 Data
1063 3227 1156 3272 sub
1195 3226 1358 3286 sigillo
1397 3229 1570 3273 nostro
1604 3227 1654 3272 in
1691 3227 1994 3273 monasterio
2034 3225 2098 3272 de
2137 3225 2405 3272 Welhowe

460 3338 474 3362 1
502 3339 717 3376 Interlined
737 3339 861 3377 above
874 3340 1136 3388 personaliter
1153 3338 1366 3377 cancelled.

459 3389 476 3412 2
503 3391 599 3428 This
617 3391 723 3428 word
743 3391 774 3427 is
794 3403 886 3439 very
904 3391 1122 3438 indistinct,
1143 3390 1222 3429 and
1241 3390 1307 3428 the
1327 3390 1488 3440 reading
1508 3389 1539 3428 is
1559 3390 1770 3428 uncertain.

462 3441 477 3464 3
503 3443 665 3479 seruatis
683 3442 860 3479 omitted.

463 3491 478 3514 4
504 3495 569 3531 Sic
587 3508 595 3531 ε
614 3506 658 3530 ea
678 3495 795 3530 iuxta
812 3506 944 3531 eorum
963 3493 1041 3531 and
1059 3507 1122 3532 eas
1142 3494 1256 3531 iuxta
1274 3505 1413 3531 earum
1429 3506 1533 3531 seem
1548 3499 1590 3532 to
1601 3493 1700 3531 have
1715 3493 1815 3531 been
1830 3492 2119 3542 compromised
2133 3492 2173 3529 in
2187 3492 2267 3530 this
2281 3505 2377 3541 way.

464 3583 475 3605 ¹
506 3583 697 3621 Founded
715 3596 766 3620 on
785 3585 923 3621 detecta
942 3584 986 3621 of
1013 3585 1270 3634 Fressheney,
1302 3586 1492 3634 Anderby
1519 3585 1597 3622 and
1628 3585 1815 3634 Wrauby.
1871 3584 1958 3622 The
1983 3584 2094 3623 usual
2125 3583 2255 3622 clause
2284 3581 2404 3620 about

359 3635 1419 3725 εωὶἓὲεῑὲὲῑὲῑὲξιὲὲἳὼε’ἐςᾞὶξὲῑῖὼῑέῑεῑᾶεε
2453 3634 2458 3639 ’

462 3737 478 3761 ³
505 3700 695 3775 Fgunded
713 3749 764 3775 on
783 3699 930 3775 degectg
941 3738 988 3775 of
1001 3687 1255 3788 Fresshegesffi
1268 3702 1458 3789 Zegd‘grby
1475 3740 1553 3778 and
1573 3739 1759 3787 Wrauby

462 3788 477 3811 ⁴
497 3789 689 3827 Founded
705 3800 757 3828 on
776 3789 978 3838 Anderby’
980 3802 998 3828 s
1017 3791 1162 3828 second
1181 3793 1380 3830 detectum.
