2488 4296
262 399 383 456 168
697 397 1185 456 ALNWICK’S
1268 398 1850 456 VISITATIONS.

386 557 512 602 Item
547 555 682 615 quod
722 554 966 601 diuinum1
1005 557 1304 600 nocturnum
1339 556 1525 615 pariter
1564 558 1614 602 et
1653 555 1902 602 diurnum²
1941 558 1990 602 et
2034 556 2297 615 presertim

253 619 550 679 psalmodia⁸
582 633 682 665 non
717 618 1117 674 transcurrendo,
1143 621 1194 663 vt
1227 619 1387 675 solito,
1414 620 1504 665 sed
1538 634 1736 666 morose
1760 635 1873 666 cum
1912 619 2096 665 debitis
2119 634 2293 679 pausa-

256 683 484 729 cionibus
508 685 557 728 et
580 683 700 728 alias
724 682 920 735 deuote,
946 685 1048 727 tam
1072 682 1137 728 de
1160 685 1309 728 nocte
1332 698 1480 743 quam
1504 683 1569 728 de
1593 683 1675 729 die
1693 683 1982 729 omnimode
2002 683 2294 729 decantetis.

386 747 512 792 Item
549 745 686 807 quod
722 746 902 804 singuli
939 745 1168 791 canonici
1205 745 1327 792 dicti
1363 747 1612 806 prioratus
1649 747 1824 792 saltem
1863 748 1968 792 sani
1993 750 2042 792 et
2065 749 2296 806 potentes

255 811 416 856 ocreis
451 810 640 871 absque
678 808 749 854 les
773 808 980 868 claspes,
1006 811 1056 855 et
1079 809 1346 855 nullatinus
1382 809 1694 866 sotularibus,
1718 811 1768 855 in
1793 810 2008 870 pedibus
2030 811 2166 856 iuxta
2197 810 2295 856 loci

255 873 670 920 consuetudinem
693 873 923 918 vsitatam
949 875 998 918 et
1024 873 1354 932 approbatam
1378 874 1583 919 omnino
1606 876 1818 920 vtantur.

385 937 512 983 Item
549 936 686 998 quod
722 936 772 981 in
811 937 950 981 zonis
985 939 1070 982 aut
1104 936 1281 982 loculis
1317 937 1460 996 stipis
1495 938 1746 996 argenteis
1782 952 1869 983 seu
1891 937 2170 996 aurifrigeis
2202 951 2296 982 nec

254 999 422 1061 aliquo
457 1000 556 1045 alio
592 1014 858 1061 quoquam,
884 1014 981 1059 quo
1019 1000 1256 1045 honestas
1291 1000 1546 1059 religionis
1569 1001 1691 1046 inibi
1715 1002 1987 1063 antiquitus
2015 999 2296 1046 obseruata⁴

255 1064 443 1123 populo
479 1064 646 1108 veniat
681 1064 731 1108 in
770 1063 1002 1117 derisum,
1028 1066 1226 1109 vtantur
1262 1063 1595 1125 quouismodo
1619 1065 1847 1111 canonici
1883 1064 2171 1124 supradicti,
2206 1063 2297 1110 sed

257 1128 321 1172 ab
345 1127 577 1173 omnibus
601 1127 697 1172 hiis
721 1126 1003 1173 abstineant
1026 1127 1162 1173 omni
1188 1127 1354 1174 modo.

390 1191 517 1236 Item
553 1191 855 1248 iniungimus
890 1191 1034 1236 vobis
1069 1193 1121 1236 vt
1156 1191 1355 1236 missam
1381 1191 1445 1237 de
1468 1191 1632 1238 beate⁵
1668 1193 1718 1237 et
1739 1191 1957 1250 gloriosa
1978 1191 2197 1250 Virgine,
2231 1189 2296 1236 ad

258 1269 406 1314 quam
443 1256 492 1299 in
518 1254 728 1300 ecclesia
753 1254 1028 1313 parochiali
1065 1254 1129 1300 de
1170 1254 1406 1315 Kyrkeby
1442 1255 1670 1314 predicta
1692 1255 1918 1316 quotidie
1940 1254 2297 1300 celebrandum

254 1318 614 1377 recognoscitis
650 1331 738 1363 vos
777 1320 825 1362 et
864 1318 1055 1364 dictum
1094 1321 1311 1363 vestrum
1351 1319 1626 1378 prioratum
1661 1319 1907 1364 obnoxius
1945 1319 2124 1374 teneri,
2160 1319 2295 1363 iuxta

257 1382 636 1427 ordinacionem
660 1382 930 1440 superinde
953 1381 1138 1427 factam
1161 1381 1356 1427 faciatis
1380 1384 1614 1428 continue
1638 1382 1894 1428 celebrari.

1121 1594 1425 1652 XXXVI.

1059 1703 1061 1706 ⁵
1155 1712 1272 1775 [Fo.
1309 1713 1396 1775 80]

255 1831 521 1876 VISITACIO
559 1841 844 1876 PRIORATUS
881 1842 950 1874 DE
990 1829 1202 1883 KYME,
1240 1842 1454 1875 oRD1N1s
1489 1842 1668 1875 SANCTI
1704 1829 2008 1887 AUGUST1N1‚
2036 1830 2294 1877 L1NCOLN-

445 1906 609 1939 IENSIS
654 1905 902 1948 DIOCESIS,
949 1905 1108 1938 FACTA
1154 1906 1208 1938 IN
1255 1906 1405 1940 DOMO
1445 1905 1754 1939 CAP1TULAR1
1795 1906 1986 1939 IBIDEM
2025 1900 2164 1940 X111J⁰
2204 1907 2294 1940 DIE

445 1969 633 2002 MENSIS
673 1958 948 2012 OCTOBRIS,
991 1969 1131 2002 ANNo
1170 1957 1374 2002 DOMINI
1411 1969 1663 2013 Mcccch,
1701 1970 1802 2002 PER
1836 1970 2203 2004 REUERENDUM
2240 1971 2294 2004 IN

444 2022 675 2067 CHRISTO
732 2033 938 2066 PATREM
997 2033 1061 2066 ET
1117 2033 1385 2076 DOMINUM,
1444 2033 1698 2067 DOMINUM
1767 2021 2134 2077 W1LLELMUM,
2191 2022 2294 2067 DE1

442 2097 630 2131 GRACIA
687 2084 1126 2130 LINCOLNIENSEM
1184 2096 1491 2140 EPISCOPUM,
1549 2097 1690 2131 ANNo
1745 2097 1954 2131 SUARUM
2012 2097 2293 2131 CONSECRA-

443 2161 616 2195 CIONIS
658 2160 727 2193 xv
773 2161 837 2194 ET
879 2160 1283 2195 TRANSLACIONIS
1321 2151 1402 2194 vt0.

381 2253 598 2299 Sedente
634 2252 772 2298 dicto
808 2251 1086 2298 reuerendo
1125 2254 1266 2311 patre
1302 2252 1599 2298 iudicialiter
1635 2251 1783 2297 dictis
1805 2266 1951 2307 anno,
1979 2252 2074 2308 die,
2099 2251 2214 2298 loco
2246 2254 2296 2298 et

254 2318 480 2376 negocio,
520 2316 1026 2377 comparentibusque
1062 2330 1231 2362 coram
1267 2330 1328 2362 eo
1364 2317 1530 2375 priore
1567 2317 1616 2361 et
1651 2316 1905 2362 canonicis
1941 2316 2062 2361 dicti
2098 2315 2194 2361 loci
2229 2315 2295 2361 ad

253 2380 567 2427 subeundum
603 2380 948 2425 visitacionem
983 2379 1267 2425 huiusmodi
1304 2381 1355 2424 vt
1389 2381 1619 2439 apparuit
1654 2380 1852 2438 paratis,
1893 2379 2056 2438 primo
2096 2381 2145 2424 et
2179 2382 2294 2424 ante

254 2446 421 2491 omnia
444 2443 756 2503 propositum
779 2443 873 2488 fuit
894 2443 1100 2488 verbum
1127 2443 1222 2489 Dei
1255 2444 1391 2489 iuxta
1425 2446 1565 2489 actus
1600 2442 1751 2488 futuri
1787 2443 2172 2502 congruenciam
2206 2457 2295 2501 per

254 2509 543 2568 magistrum
566 2507 815 2553 Thomam
842 2506 1092 2562 Duffeldc,
1117 2507 1168 2551 in
1192 2520 1332 2552 sacra
1354 2506 1609 2566 theologia
1645 2506 1979 2561 bacallarium,
2005 2509 2295 2567 sequentem

254 2572 352 2618 hoc
375 2572 558 2626 thema,
586 2570 805 2616 ‘Vadam
842 2573 891 2616 et
926 2570 1111 2616 videbo
1147 2570 1326 2616 fratres
1358 2569 1527 2626 meos,’
1552 2569 1668 2616 etc.⁶
1733 2570 1844 2628 Quo
1879 2570 2088 2615 multum
2126 2569 2293 2615 lauda-

253 2636 418 2681 biliter
454 2634 608 2690 finito,
646 2635 784 2693 prior
821 2634 918 2679 loci
963 2634 1193 2679 liberauit
1232 2633 1369 2680 dicto
1409 2633 1687 2680 reuerendo
1725 2634 1854 2693 patri
1893 2632 2296 2679 certificatorium

255 2699 513 2745 citacionis
536 2712 627 2757 pro
652 2698 750 2744 hoc
773 2698 986 2756 negocio
1008 2698 1103 2757 ipsi
1126 2698 1280 2757 priori
1305 2698 1500 2743 directi⁷
1515 2699 1566 2743 in
1590 2697 1685 2743 hec
1707 2698 1873 2754 verba,
1901 2701 1910 2719 ⁴
1929 2697 2228 2742 Reuerendo
2245 2697 2295 2742 in

255 2763 455 2809 Christo
478 2761 637 2821 patri‚’
662 2764 754 2807 etc.
825 2761 935 2820 Quo
971 2761 1103 2807 lecto
1138 2763 1187 2807 et
1225 2762 1556 2820 preconizatis
1590 2761 1756 2807 citatis
1790 2763 1841 2806 et
1874 2760 2293 2819 comparentibus,

253 2826 484 2887 factaque
539 2825 756 2887 quadam
811 2826 1165 2884 proposicione
1219 2839 1309 2884 per
1363 2826 1654 2884 magistrum
1708 2824 1956 2870 Thomam
2014 2824 2294 2883 Kyngtone,

252 2891 548 2936 canonicum
587 2889 684 2934 loci
723 2889 865 2945 illius,
908 2888 1088 2934 dictus⁸
1126 2889 1262 2948 prior
1300 2889 1479 2934 iurauit
1523 2889 1816 2934 canonicam
1856 2887 2205 2934 obedienciam
2244 2888 2295 2932 in

254 2953 415 2999 forma
452 2955 702 3000 consueta.
790 2952 932 2997 Idem
968 2953 1105 3011 prior
1141 2952 1367 2998 exhibuit
1403 2952 1610 2998 domino
1644 2951 1999 2998 fundacionem
2034 2952 2294 3010 prioratus,

255 3018 393 3062 cuius
417 3017 613 3075 copiam
636 3016 758 3061 alias
782 3016 969 3061 dimisit
992 3030 1147 3075 penes
1182 3016 1520 3074 registrarium
1555 3016 1606 3060 in
1641 3015 1946 3061 visitacionis
1980 3017 2207 3072 tempore
2245 3014 2295 3059 in

354 3127 367 3151 ¹
396 3130 488 3166 Sic:
516 3130 731 3165 seruicium
759 3128 941 3166 omitted.

352 3179 369 3203 2
396 3192 474 3217 non
501 3179 714 3217 cancelled.

354 3231 371 3254 ⁸
398 3232 477 3268 Sic.

353 3282 369 3305 ⁴
395 3283 487 3319 Sic:
517 3282 575 3319 for
601 3282 806 3320 obseruate.

354 3334 368 3356 ⁵
397 3333 484 3371 Sic:
514 3333 572 3370 for
599 3333 722 3371 beata.

353 3383 369 3408 ⁶
400 3395 414 3422 1
438 3385 544 3423 Sam.
567 3398 633 3429 xx,
655 3395 716 3432 29.

353 3435 369 3460 ⁷
397 3438 487 3474 Sic:
516 3436 574 3474 sor
599 3437 750 3474 directe.

351 3487 368 3511 ⁸
393 3501 509 3525 reuer
532 3489 747 3525 cancelled.

357 3577 367 3601 ¹
397 3578 430 3615 F
432 3577 588 3616 ounded
608 3591 659 3615 on
679 3578 744 3616 the
762 3580 901 3615 detecta
919 3578 964 3615 of
978 3578 1043 3616 the
1062 3579 1275 3628 sub-prior,
1298 3579 1551 3629 Shepeshede
1568 3577 1647 3615 and
1665 3576 1957 3627 Chippenham.

354 3630 370 3654 2
397 3629 588 3667 Founded
607 3642 658 3666 on
677 3629 743 3667 the
763 3629 901 3679 prior's
918 3629 1000 3666 first
1018 3630 1095 3667 and
1117 3630 1310 3668 Halifax's
1328 3631 1473 3669 second
1492 3633 1645 3667 detecta.

352 3679 367 3703 ³
397 3679 586 3718 Founded
605 3693 657 3717 on
683 3681 877 3718 Halisax’s
895 3681 1040 3718 second
1057 3683 1257 3719 detectum.

355 3731 370 3755 ⁴
397 3733 472 3770 See
491 3737 582 3769 note
602 3731 625 3769 8
643 3744 693 3769 on
714 3745 752 3781 p.
777 3732 846 3780 165
865 3731 1004 3769 above.

353 3782 368 3804 ⁵
397 3783 574 3832 Possibly
591 3797 614 3820 a
633 3783 956 3832 complimentary
974 3783 1172 3832 harangue
1192 3783 1385 3831 (arenga),
1403 3783 1531 3822 which
1550 3783 1679 3822 would
1702 3794 1813 3823 come
1832 3781 2000 3831 suitably
2015 3781 2114 3818 from
2130 3793 2153 3817 a
2167 3792 2291 3819 canon

254 3835 343 3873 who
362 3834 440 3873 had
459 3834 579 3874 taken
596 3847 620 3873 a
637 3834 779 3885 degree
797 3841 837 3871 at
855 3847 878 3871 a
895 3834 1119 3884 university.
