2488 4296
281 435 396 495 172
741 412 1230 478 ALNWICKs
1314 411 1878 478 VisITATioNs

282 578 378 623 hiis
402 577 651 638 quemodo
675 576 909 623 consimili
930 580 1039 622 sunt
1061 577 1127 622 ad
1163 580 1315 633 extra,
1347 577 1416 622 ita
1451 576 1589 638 quod
1625 575 1789 622 officia
1826 590 1927 621 non
1963 575 2334 623 confundantur

282 656 376 687 nec
399 656 458 686 ea
482 643 787 699 occupantes
809 655 838 686 a
862 639 1046 686 diuinis
1069 641 1163 686 nisi
1187 641 1265 686 ex²
1289 641 1573 687 necessario
1596 640 1933 685 absententur.

414 705 541 750 Item
564 704 866 763 iniungimus
891 706 940 749 et
964 703 1259 749 mandamus
1295 703 1439 749 vobis
1474 703 1716 748 vniuersis
1751 705 1794 748 et
1828 701 2024 762 singulis
2063 703 2156 748 sub
2193 703 2336 762 penis

284 767 413 813 infra
437 768 635 826 scriptis
658 769 710 812 vt
750 768 885 812 omni
924 767 1020 824 die,
1059 767 1198 813 dicto
1232 766 1598 826 completorio,2
1636 766 1985 811 dormitorium
2025 766 2337 812 uniformiter

284 830 492 890 petatis,⁸
526 829 598 875 ex⁴²
633 830 752 875 inde
777 831 870 875 nisi
893 829 960 876 ad
983 831 1249 876 matutinas
1271 833 1463 876 tantum
1487 844 1746 891 quousque
1770 829 1992 888 pulsetur
2025 829 2092 875 ad
2125 830 2337 889 primam

285 896 336 940 in
359 894 578 940 crastino
603 892 871 938 nullatinus
893 893 1080 949 exituri,
1106 893 1172 939 ad
1206 908 1330 954 quas
1363 908 1538 939 omnes
1569 893 1634 938 de
1657 895 1922 948 conuentu,
1957 893 2122 938 saltem
2155 893 2265 938 sani
2297 890 2339 939 el

279 961 496 1017 potentes,
538 957 697 1003 eciam
737 957 1082 1013 cellerarium,⁵
1117 957 1235 1003 licet
1278 957 1343 1002 ad
1389 959 1529 1002 extra
1571 969 1726 1015 agens
1771 956 1977 1001 domum
2021 956 2340 1016 repedauerit

286 1023 435 1066 nocte
459 1019 766 1080 precedenti,
793 1021 929 1065 omni
953 1021 1163 1080 pigricia
1186 1020 1253 1066 et⁰
1275 1020 1653 1079 sompnolencia
1688 1019 1888 1079 penitus
1915 1033 2123 1066 excussa
2145 1020 2338 1079 integre

285 1085 600 1130 conueniant.

419 1148 546 1193 Item
570 1147 872 1206 iniungimus
904 1147 1048 1192 vobis
1082 1147 1325 1193 Vniuersis
1361 1149 1410 1192 et
1446 1146 1652 1205 singulis
1687 1146 1838 1207 quod,
1876 1146 2073 1192 omissis
2108 1146 2340 1192 omnibus

289 1210 420 1257 ludis
452 1212 592 1256 vanis
625 1210 918 1266 inhonestiS‚
943 1212 1206 1269 presertim
1243 1210 1561 1266 tabularum‚⁷
1582 1225 1640 1255 ac
1662 1209 2009 1266 venacionibus‚
2033 1209 2339 1269 contempla-

290 1275 437 1330 cioni‚
461 1275 673 1320 leccioni
711 1276 760 1319 et
796 1274 963 1320 studio
986 1274 1036 1319 in
1060 1274 1277 1321 claustro
1301 1289 1359 1319 ac
1382 1273 1510 1319 horis
1532 1274 1774 1319 canonicis
1796 1276 1838 1319 et
1862 1273 2008 1319 missis
2031 1273 2342 1333 temporibus

291 1338 475 1385 debitis
498 1337 783 1384 intendatis.
1024 1333 1034 1339 ’

421 1402 548 1447 Item
572 1401 874 1460 iniungimus
896 1400 1040 1446 vobis
1062 1401 1217 1460 priori
1239 1402 1290 1447 in
1314 1402 1495 1447 virtute
1519 1400 1818 1446 obediencie
1842 1403 1892 1446 et
1914 1400 2007 1446 sub
2030 1414 2160 1460 pena
2176 1400 2342 1460 grauis

292 1468 611 1524 contemptus
634 1468 699 1520 vt,
726 1479 838 1510 cum
877 1465 1044 1510 claues
1080 1465 1318 1510 ostiorum
1359 1465 1559 1511 claustri
1596 1467 1645 1510 et
1681 1463 1961 1510 dormitorii
1997 1464 2194 1523 geratis,
2235 1463 2344 1522 ipsa

291 1530 419 1575 ostia
462 1528 774 1587 temporibus
820 1527 1003 1573 debitis
1048 1530 1098 1574 et
1142 1529 1376 1587 congruis
1421 1527 1664 1573 claudatis
1709 1531 1758 1573 et
1801 1528 2037 1587 aperiatis
2058 1545 2067 1577 z
2105 1527 2343 1588 quodque

292 1593 481 1638 nullum
505 1591 780 1638 secularem
803 1594 1243 1652 quantumcunque
1267 1591 1534 1638 honestum
1558 1591 1688 1636 intra
1717 1591 1938 1637 clausum
1973 1591 2255 1637 dormitorii
2278 1589 2343 1636 de

291 1659 441 1702 nocte
464 1656 628 1701 iacere
651 1655 978 1714 permittatis;
1015 1658 1066 1701 et
1099 1655 1237 1716 quod
1261 1670 1372 1701 cum
1399 1655 1534 1701 omni
1558 1654 1931 1701 acceleracione
1966 1653 2243 1701 accomoda
2279 1653 2343 1700 de

291 1734 391 1765 vno
414 1719 630 1778 prouido
651 1719 759 1764 viro
782 1719 866 1779 qui
891 1719 1116 1764 nouicios
1139 1721 1189 1764 et
1211 1719 1418 1764 iuuenes
1445 1719 1714 1765 canonicos
1732 1720 1924 1764 vestros
1946 1718 1998 1763 in
2021 1718 2345 1777 grammatica

293 1784 503 1828 instruat
527 1785 576 1828 et
598 1782 836 1828 informet
859 1782 1139 1841 sumptibus
1163 1782 1511 1828 communibus
1535 1781 1714 1827 domus
1738 1781 2059 1841 prouideatis.

423 1847 551 1892 Item
588 1846 891 1904 iniungimus
927 1846 1071 1891 vobis
1106 1846 1350 1891 vniuersis
1375 1848 1424 1892 et
1447 1845 1652 1904 singulis
1677 1846 1769 1890 sub
1793 1859 1924 1904 pena
1947 1845 2346 1891 excommunica-

293 1910 453 1956 cionis
479 1909 796 1968 infrascripta
819 1909 956 1970 quod
980 1910 1031 1954 in
1054 1908 1170 1955 villa
1188 1909 1252 1954 de
1274 1909 1432 1970 Kyme
1450 1912 1590 1954 extra
1608 1908 1900 1968 prioratum⁸
1926 1922 2021 1954 non
2050 1907 2347 1954 comedatis⁹

295 1976 379 2019 aut
402 1973 586 2019 bibatis
611 1973 702 2018 nisi
724 1987 781 2017 ex
802 1971 995 2018 honesta
1018 1987 1164 2018 causa
1181 1973 1339 2032 priori
1362 1973 1433 2018 vel
1454 1973 1692 2032 suppriori
1714 1972 1919 2032 exposila
1937 1975 2023 2032 per
2046 1971 2286 2027 volentem,
2305 1973 2348 2016 et

296 2037 492 2083 licencia
517 2040 654 2096 super
678 2035 763 2082 hoc
789 2036 937 2096 petita
960 2039 1002 2082 el
1025 2035 1262 2096 optenta¹⁰;
1299 2036 1535 2098 quodque
1572 2051 1722 2082 canes
1758 2037 2014 2082 venaticos
2043 2035 2260 2096 proprios
2277 2033 2349 2080 vel

295 2101 476 2147 alienos
498 2101 548 2146 in
572 2100 795 2159 prioratu
817 2099 896 2145 vel
920 2102 1059 2146 extra
1082 2101 1133 2145 in
1156 2099 1272 2146 villa
1296 2101 1360 2146 de
1387 2100 1547 2160 Kyme
1578 2100 1846 2145 nullatinus
1878 2101 2104 2156 teneatis,
2129 2098 2346 2145 custodi-

296 2165 390 2210 atis
413 2167 497 2209 aut
521 2164 764 2209 nutriatis.

427 2229 554 2273 Item
610 2227 912 2286 iniungimus
966 2227 1110 2272 vobis
1164 2227 1318 2286 priori
1363 2229 1415 2272 vt
1471 2226 1736 2285 diligenter
1791 2226 2157 2286 superuideatis
2210 2225 2348 2287 quod

297 2291 674 2338 elemosinarius
697 2290 963 2350 diligenter
987 2291 1190 2350 colligat
1213 2291 1511 2337 elemosinas
1546 2305 1829 2336 mensarum
1867 2292 2143 2336 vestrarum
2179 2293 2229 2335 et
2264 2304 2349 2335 eas

298 2371 357 2401 ac
392 2355 488 2400 alia
527 2354 874 2400 distribuenda
912 2354 1217 2414 pauperibus
1257 2355 1416 2414 magis
1453 2354 1796 2413 indigentibus
1834 2352 2050 2400 fideliter
2087 2355 2262 2412 eroget
2299 2355 2349 2399 et

298 2419 579 2464 distribuat.

428 2482 527 2541 (De
563 2481 771 2527 infirmis
807 2480 1134 2543 refouendis.)
1219 2483 1346 2528 Item
1385 2481 1688 2540 iniungimus
1725 2481 1870 2527 vobis
1904 2481 2058 2540 priori
2092 2480 2185 2526 sub
2219 2493 2350 2540 pena

298 2548 615 2604 contemptus
639 2547 690 2590 vt
713 2544 891 2590 fratres
924 2547 1117 2591 vestros
1140 2545 1190 2590 in
1215 2544 1485 2591 infirmaria
1519 2543 1827 2591 infirmantes
1863 2545 2030 2604 sepius
2067 2547 2117 2590 et
2150 2546 2347 2603 patern-

297 2609 439 2655 aliter
462 2609 671 2654 visitetis
707 2609 878 2669 eisque
915 2609 972 2653 de
1007 2609 1403 2669 congruentibusss
1426 2608 1564 2664 cibis
1591 2609 1867 2663 medicinis,
1893 2608 2138 2654 focalibus
2162 2610 2212 2654 et
2240 2606 2350 2653 aliis

298 2673 478 2734 quibus
517 2673 670 2718 cicius
711 2674 760 2717 et
799 2671 974 2717 melius
1009 2672 1365 2719 conualescere
1401 2675 1452 2719 et
1488 2673 1701 2719 recreari
1737 2674 1973 2731 poterunt
2008 2670 2263 2731 prouideri
2299 2671 2350 2716 et
2403 2671 2405 2673 ’

298 2736 566 2781 ministrari
589 2735 795 2781 faciatis.

428 2800 555 2845 Item
578 2799 879 2858 iniungimus
902 2799 1047 2844 vobis
1070 2799 1223 2858 priori
1249 2801 1340 2846 sub
1365 2800 1557 2846 eisdem
1580 2800 1723 2858 penis
1745 2801 1798 2844 vt
1816 2798 2081 2858 diligenter
2105 2796 2351 2844 moneatis

297 2865 348 2908 et
371 2863 638 2921 iniungatis
662 2862 845 2908 clerico
870 2862 1082 2908 ecclesie
1105 2862 1242 2924 quod
1267 2864 1564 2922 diligencius
1588 2865 1637 2909 et
1660 2863 1836 2908 melius
1858 2862 2088 2909 intendat
2110 2861 2277 2907 officio
2300 2861 2351 2906 et

299 2926 574 2972 ministerio
598 2940 689 2971 suo
711 2926 762 2971 in
796 2925 954 2971 choro
990 2928 1041 2971 et
1076 2927 1209 2972 circa
1244 2927 1400 2973 altare
1439 2930 1489 2973 et
1527 2927 1578 2972 in
1618 2926 1908 2986 pulsacione
1946 2926 2246 2985 tempestiua
2283 2922 2350 2969 ad

300 2989 450 3035 horas
472 2989 783 3048 temporibus
807 2989 1040 3048 congruis
1063 2989 1296 3036 facienda
1333 2991 1425 3036 sub
1461 3005 1593 3050 pena
1628 2989 1935 3049 expulsionis
1971 2990 2045 3035 sui
2081 2989 2145 3035 ab
2184 2987 2351 3034 officio

299 3053 384 3098 illo
406 3070 415 3110 ;
451 3053 687 3114 quodque
731 3066 833 3098 non
878 3053 1051 3098 sinatis
1095 3068 1278 3112 pueros
1322 3057 1487 3100 tantos
1533 3056 1582 3099 et
1625 3051 1787 3098 tales1²
1808 3067 1898 3112 per
1943 3052 2164 3098 medium
2207 3050 2350 3098 chori

404 3163 417 3186 ¹
445 3177 481 3201 ce
499 3165 715 3202 cancelled.

405 3213 422 3237 ²
447 3216 610 3253 Altered
629 3216 727 3253 from
748 3217 995 3265 completorii.

405 3265 420 3290 ³
447 3268 609 3305 Altered
629 3268 727 3304 from
740 3273 891 3316 petant.

404 3317 421 3392 ἒ
448 3319 662 3356 Interlined
681 3319 808 3357 above
827 3331 904 3356 non
923 3319 1140 3357 cancelled.

449 3370 529 3407 Sic.

405 3420 421 3443 ⁶
446 3422 602 3464 solemn,
620 3420 807 3459 followed
827 3422 877 3469 by
895 3434 1004 3459 somn
1020 3422 1234 3460 cancelled.

408 3470 423 3495 ⁷
449 3473 683 3509 tabellarum
702 3472 918 3510 cancelled.

407 3522 423 3545 8
449 3524 503 3560 ad
515 3523 595 3561 and
615 3525 660 3560 in
678 3536 1000 3573 quorumcunque
1013 3524 1214 3573 presencia
1233 3523 1447 3562 cancelled.

408 3572 424 3596 9
450 3574 469 3610 b
488 3575 702 3612 cancelled.

394 3623 424 3647 ¹⁰
453 3626 631 3663 Inserted
650 3625 690 3663 in
709 3627 874 3676 margin.

391 3675 417 3698 ¹¹
449 3676 667 3714 Interlined
686 3677 812 3715 above
831 3677 1103 3715 subtilioribus
1121 3678 1334 3716 cancelled.

394 3725 426 3748 ¹²
451 3733 510 3765 tas
528 3728 744 3765 cancelled.

411 3796 423 3820 ¹
451 3797 642 3835 Founded
659 3810 712 3835 on
733 3797 922 3836 Marum’s
936 3798 1031 3844 first,
1050 3797 1263 3836 Durham's
1277 3798 1438 3845 second,
1460 3798 1565 3836 third
1582 3799 1661 3836 and
1681 3798 1824 3844 fourth,
1841 3798 1920 3836 and
1936 3798 1968 3835 F
1970 3796 2172 3836 eltwelle’s
2190 3795 2351 3842 second,

309 3847 413 3885 third
433 3848 511 3886 and
530 3848 616 3886 fifth
633 3849 786 3886 detecta.
