<?xml version="1.0" encoding="UTF-8"?>
<!DOCTYPE html PUBLIC "-//W3C//DTD XHTML 1.0 Transitional//EN"
    "http://www.w3.org/TR/xhtml1/DTD/xhtml1-transitional.dtd">
<html xmlns="http://www.w3.org/1999/xhtml" xml:lang="en" lang="en">
 <head>
  <title>
</title>
<meta http-equiv="Content-Type" content="text/html;charset=utf-8" />
  <meta name='ocr-system' content='tesseract 3.04.00' />
  <meta name='ocr-capabilities' content='ocr_page ocr_carea ocr_par ocr_line ocrx_word'/>
</head>
<body>
  <div class='ocr_page' id='page_1' title='image "./p1visitationsof02cathuoft_0254.png"; bbox 0 0 2488 4296; ppageno 0'>
   <div class='ocr_carea' id='block_1_1' title="bbox 227 331 1817 403">
    <p class='ocr_par' dir='ltr' id='par_1_1' title="bbox 227 331 1817 403">
     <span class='ocr_line' id='line_1_1' title="bbox 227 331 1817 403; baseline 0.001 -13"><span class='ocrx_word' id='word_1_1' title='bbox 227 350 306 403; x_wconf 77' lang='lat'>91</span> <span class='ocrx_word' id='word_1_2' title='bbox 681 331 1170 391; x_wconf 88' lang='lat' dir='ltr'>ALNWICK’S</span> <span class='ocrx_word' id='word_1_3' title='bbox 1254 331 1817 391; x_wconf 89' lang='lat' dir='ltr'>VISITATIONS</span> 
     </span>
    </p>
   </div>
   <div class='ocr_carea' id='block_1_2' title="bbox 230 489 2270 1693">
    <p class='ocr_par' dir='ltr' id='par_1_2' title="bbox 230 489 2270 802">
     <span class='ocr_line' id='line_1_2' title="bbox 360 489 2267 551; baseline 0.001 -16"><span class='ocrx_word' id='word_1_4' title='bbox 360 491 533 536; x_wconf 83' lang='lat' dir='ltr'>Frater</span> <span class='ocrx_word' id='word_1_5' title='bbox 555 489 808 551; x_wconf 87' lang='lat' dir='ltr'>Johannes</span> <span class='ocrx_word' id='word_1_6' title='bbox 843 490 1189 549; x_wconf 80' lang='lat' dir='ltr'>Quenyntone,</span> <span class='ocrx_word' id='word_1_7' title='bbox 1214 490 1385 545; x_wconf 89' lang='lat' dir='ltr'>abbas,</span> <span class='ocrx_word' id='word_1_8' title='bbox 1424 489 1547 536; x_wconf 90' lang='lat' dir='ltr'>dicit</span> <span class='ocrx_word' id='word_1_9' title='bbox 1582 490 1751 536; x_wconf 89' lang='lat' dir='ltr'>omnia</span> <span class='ocrx_word' id='word_1_10' title='bbox 1785 490 1914 536; x_wconf 90' lang='lat' dir='ltr'>bene</span> <span class='ocrx_word' id='word_1_11' title='bbox 1950 492 2117 549; x_wconf 91' lang='lat' dir='ltr'>preter</span> <span class='ocrx_word' id='word_1_12' title='bbox 2154 489 2267 545; x_wconf 92' lang='lat' dir='ltr'>hoc,</span> 
     </span>
     <span class='ocr_line' id='line_1_3' title="bbox 230 552 2270 615; baseline -0 -16"><span class='ocrx_word' id='word_1_13' title='bbox 230 553 367 615; x_wconf 91' lang='lat' dir='ltr'>quod</span> <span class='ocrx_word' id='word_1_14' title='bbox 390 553 594 614; x_wconf 91' lang='lat' dir='ltr'>quidam</span> <span class='ocrx_word' id='word_1_15' title='bbox 616 552 769 598; x_wconf 82' lang='lat' dir='ltr'>frater</span> <span class='ocrx_word' id='word_1_16' title='bbox 791 553 1044 614; x_wconf 86' lang='lat' dir='ltr'>Johannes</span> <span class='ocrx_word' id='word_1_17' title='bbox 1070 553 1453 612; x_wconf 88' lang='lat' dir='ltr'>Bengeworthe,</span> <span class='ocrx_word' id='word_1_18' title='bbox 1474 553 1762 612; x_wconf 78' lang='lat' dir='ltr'>monachus,</span> <span class='ocrx_word' id='word_1_19' title='bbox 1783 567 1874 613; x_wconf 87' lang='lat' dir='ltr'>pro</span> <span class='ocrx_word' id='word_1_20' title='bbox 1893 553 1994 598; x_wconf 87' lang='lat' dir='ltr'>suis</span> <span class='ocrx_word' id='word_1_21' title='bbox 2013 553 2270 599; x_wconf 90' lang='lat' dir='ltr'>demeritis</span> 
     </span>
     <span class='ocr_line' id='line_1_4' title="bbox 230 615 2268 678; baseline -0 -15"><span class='ocrx_word' id='word_1_22' title='bbox 230 618 578 671; x_wconf 81' lang='lat' dir='ltr'>incarceratus,</span> <span class='ocrx_word' id='word_1_23' title='bbox 618 615 767 674; x_wconf 84' lang='lat' dir='ltr'>fregit</span> <span class='ocrx_word' id='word_1_24' title='bbox 811 630 1037 662; x_wconf 82' lang='lat' dir='ltr'><strong>carceres</strong></span> <span class='ocrx_word' id='word_1_25' title='bbox 1091 620 1141 662; x_wconf 92' lang='lat' dir='ltr'>et</span> <span class='ocrx_word' id='word_1_26' title='bbox 1185 617 1499 676; x_wconf 81' lang='lat' dir='ltr'>apostatanit,</span> <span class='ocrx_word' id='word_1_27' title='bbox 1547 616 1736 663; x_wconf 90' lang='lat' dir='ltr'>ducens</span> <span class='ocrx_word' id='word_1_28' title='bbox 1791 631 1961 663; x_wconf 90' lang='lat' dir='ltr'>secum</span> <span class='ocrx_word' id='word_1_29' title='bbox 2016 615 2268 678; x_wconf 89' lang='lat' dir='ltr'>quandam</span> 
     </span>
     <span class='ocr_line' id='line_1_5' title="bbox 232 679 2270 736; baseline -0 -10"><span class='ocrx_word' id='word_1_30' title='bbox 232 679 499 726; x_wconf 85' lang='lat' dir='ltr'>monialem</span> <span class='ocrx_word' id='word_1_31' title='bbox 524 679 587 725; x_wconf 93' lang='lat' dir='ltr'>de</span> <span class='ocrx_word' id='word_1_32' title='bbox 611 679 917 725; x_wconf 89' lang='lat' dir='ltr'>Godestowe</span> <span class='ocrx_word' id='word_1_33' title='bbox 937 695 950 736; x_wconf 81' lang='lat'>3</span> <span class='ocrx_word' id='word_1_34' title='bbox 984 679 1074 725; x_wconf 90' lang='lat' dir='ltr'>sed</span> <span class='ocrx_word' id='word_1_35' title='bbox 1097 681 1196 726; x_wconf 90' lang='lat' dir='ltr'>iam</span> <span class='ocrx_word' id='word_1_36' title='bbox 1220 680 1456 726; x_wconf 87' lang='lat' dir='ltr'>reductus</span> <span class='ocrx_word' id='word_1_37' title='bbox 1480 683 1555 725; x_wconf 89' lang='lat' dir='ltr'>est</span> <span class='ocrx_word' id='word_1_38' title='bbox 1577 679 1643 726; x_wconf 92' lang='lat' dir='ltr'>ad</span> <span class='ocrx_word' id='word_1_39' title='bbox 1661 681 2017 726; x_wconf 87' lang='lat' dir='ltr'>monasterium</span> <span class='ocrx_word' id='word_1_40' title='bbox 2036 683 2085 726; x_wconf 92' lang='lat' dir='ltr'>et</span> <span class='ocrx_word' id='word_1_41' title='bbox 2103 679 2270 725; x_wconf 89' lang='lat' dir='ltr'>adhuc</span> 
     </span>
     <span class='ocr_line' id='line_1_6' title="bbox 233 743 704 802; baseline -0.006 -12"><span class='ocrx_word' id='word_1_42' title='bbox 233 747 309 790; x_wconf 90' lang='lat' dir='ltr'>est</span> <span class='ocrx_word' id='word_1_43' title='bbox 331 744 382 788; x_wconf 91' lang='lat' dir='ltr'>in</span> <span class='ocrx_word' id='word_1_44' title='bbox 406 743 704 802; x_wconf 84' lang='lat' dir='ltr'>penitencia.</span> 
     </span>
    </p>

    <p class='ocr_par' dir='ltr' id='par_1_3' title="bbox 364 805 1987 868">
     <span class='ocr_line' id='line_1_7' title="bbox 364 805 1987 868; baseline 0 -16"><span class='ocrx_word' id='word_1_45' title='bbox 364 806 536 852; x_wconf 85' lang='lat' dir='ltr'>Frater</span> <span class='ocrx_word' id='word_1_46' title='bbox 559 805 812 867; x_wconf 89' lang='lat' dir='ltr'>Johannes</span> <span class='ocrx_word' id='word_1_47' title='bbox 837 805 1141 862; x_wconf 81' lang='lat' dir='ltr'>Oxenforde,</span> <span class='ocrx_word' id='word_1_48' title='bbox 1168 807 1317 866; x_wconf 89' lang='lat' dir='ltr'>prior,</span> <span class='ocrx_word' id='word_1_49' title='bbox 1344 805 1467 852; x_wconf 90' lang='lat' dir='ltr'>dicit</span> <span class='ocrx_word' id='word_1_50' title='bbox 1490 805 1627 868; x_wconf 92' lang='lat' dir='ltr'>quod</span> <span class='ocrx_word' id='word_1_51' title='bbox 1651 806 1820 852; x_wconf 90' lang='lat' dir='ltr'>omnia</span> <span class='ocrx_word' id='word_1_52' title='bbox 1842 806 1987 853; x_wconf 90' lang='lat' dir='ltr'>bene.</span> 
     </span>
    </p>

    <p class='ocr_par' dir='ltr' id='par_1_4' title="bbox 361 869 1649 930">
     <span class='ocr_line' id='line_1_8' title="bbox 361 869 1649 930; baseline -0.001 -16"><span class='ocrx_word' id='word_1_53' title='bbox 361 870 533 915; x_wconf 81' lang='lat' dir='ltr'>Frater</span> <span class='ocrx_word' id='word_1_54' title='bbox 555 869 808 930; x_wconf 87' lang='lat' dir='ltr'>Johannes</span> <span class='ocrx_word' id='word_1_55' title='bbox 831 869 1146 915; x_wconf 87' lang='lat' dir='ltr'>Wodestoke</span> <span class='ocrx_word' id='word_1_56' title='bbox 1170 869 1293 915; x_wconf 89' lang='lat' dir='ltr'>dicit</span> <span class='ocrx_word' id='word_1_57' title='bbox 1316 870 1484 916; x_wconf 88' lang='lat' dir='ltr'>omnia</span> <span class='ocrx_word' id='word_1_58' title='bbox 1506 870 1649 916; x_wconf 91' lang='lat' dir='ltr'>bene.</span> 
     </span>
    </p>

    <p class='ocr_par' dir='ltr' id='par_1_5' title="bbox 364 932 1598 993">
     <span class='ocr_line' id='line_1_9' title="bbox 364 932 1598 993; baseline 0 -15"><span class='ocrx_word' id='word_1_59' title='bbox 364 933 537 979; x_wconf 89' lang='lat' dir='ltr'>Fratar</span> <span class='ocrx_word' id='word_1_60' title='bbox 559 932 782 978; x_wconf 85' lang='lat' dir='ltr'>Thomas</span> <span class='ocrx_word' id='word_1_61' title='bbox 809 933 1096 993; x_wconf 86' lang='lat' dir='ltr'>Eynesham</span> <span class='ocrx_word' id='word_1_62' title='bbox 1121 932 1243 979; x_wconf 89' lang='lat' dir='ltr'>dicit</span> <span class='ocrx_word' id='word_1_63' title='bbox 1266 933 1434 979; x_wconf 91' lang='lat' dir='ltr'>omnia</span> <span class='ocrx_word' id='word_1_64' title='bbox 1457 933 1598 979; x_wconf 91' lang='lat' dir='ltr'>bene.</span> 
     </span>
    </p>

    <p class='ocr_par' dir='ltr' id='par_1_6' title="bbox 363 996 1976 1056">
     <span class='ocr_line' id='line_1_10' title="bbox 363 996 1976 1056; baseline 0.001 -15"><span class='ocrx_word' id='word_1_65' title='bbox 363 997 537 1042; x_wconf 85' lang='lat' dir='ltr'>Frater</span> <span class='ocrx_word' id='word_1_66' title='bbox 560 996 844 1042; x_wconf 89' lang='lat' dir='ltr'>Willelmus</span> <span class='ocrx_word' id='word_1_67' title='bbox 871 996 1197 1055; x_wconf 89' lang='lat' dir='ltr'>Hanburghe,</span> <span class='ocrx_word' id='word_1_68' title='bbox 1223 997 1469 1056; x_wconf 82' lang='lat' dir='ltr'>supprior,</span> <span class='ocrx_word' id='word_1_69' title='bbox 1495 996 1618 1042; x_wconf 87' lang='lat' dir='ltr'>dicit</span> <span class='ocrx_word' id='word_1_70' title='bbox 1641 996 1809 1042; x_wconf 88' lang='lat' dir='ltr'>omnia</span> <span class='ocrx_word' id='word_1_71' title='bbox 1833 996 1976 1042; x_wconf 82' lang='lat' dir='ltr'>bene.</span> 
     </span>
    </p>

    <p class='ocr_par' dir='ltr' id='par_1_7' title="bbox 363 1059 1721 1106">
     <span class='ocr_line' id='line_1_11' title="bbox 363 1059 1721 1106; baseline 0 -2"><span class='ocrx_word' id='word_1_72' title='bbox 363 1060 537 1105; x_wconf 88' lang='lat' dir='ltr'>Frater</span> <span class='ocrx_word' id='word_1_73' title='bbox 559 1059 843 1105; x_wconf 88' lang='lat' dir='ltr'>Willelmus</span> <span class='ocrx_word' id='word_1_74' title='bbox 867 1059 1216 1106; x_wconf 89' lang='lat' dir='ltr'>Ambresdone</span> <span class='ocrx_word' id='word_1_75' title='bbox 1240 1059 1363 1105; x_wconf 91' lang='lat' dir='ltr'>dicit</span> <span class='ocrx_word' id='word_1_76' title='bbox 1386 1060 1554 1105; x_wconf 87' lang='lat' dir='ltr'>omnia</span> <span class='ocrx_word' id='word_1_77' title='bbox 1576 1060 1721 1106; x_wconf 89' lang='lat' dir='ltr'>bene.</span> 
     </span>
    </p>

    <p class='ocr_par' dir='ltr' id='par_1_8' title="bbox 365 1123 1702 1169">
     <span class='ocr_line' id='line_1_12' title="bbox 365 1123 1702 1169; baseline -0.001 -1"><span class='ocrx_word' id='word_1_78' title='bbox 365 1123 537 1169; x_wconf 91' lang='lat' dir='ltr'>Frater</span> <span class='ocrx_word' id='word_1_79' title='bbox 560 1123 814 1168; x_wconf 89' lang='lat' dir='ltr'>Walterus</span> <span class='ocrx_word' id='word_1_80' title='bbox 839 1123 1186 1169; x_wconf 89' lang='lat' dir='ltr'>Blechesdene</span> <span class='ocrx_word' id='word_1_81' title='bbox 1210 1123 1333 1169; x_wconf 90' lang='lat' dir='ltr'>dicit</span> <span class='ocrx_word' id='word_1_82' title='bbox 1355 1123 1523 1168; x_wconf 89' lang='lat' dir='ltr'>omnia</span> <span class='ocrx_word' id='word_1_83' title='bbox 1557 1123 1702 1169; x_wconf 90' lang='lat' dir='ltr'>bene.</span> 
     </span>
    </p>

    <p class='ocr_par' dir='ltr' id='par_1_9' title="bbox 365 1186 1728 1246">
     <span class='ocr_line' id='line_1_13' title="bbox 365 1186 1728 1246; baseline 0.001 -14"><span class='ocrx_word' id='word_1_84' title='bbox 365 1187 538 1233; x_wconf 86' lang='lat' dir='ltr'>Frater</span> <span class='ocrx_word' id='word_1_85' title='bbox 560 1186 782 1232; x_wconf 90' lang='lat' dir='ltr'>Thomas</span> <span class='ocrx_word' id='word_1_86' title='bbox 805 1186 1223 1246; x_wconf 91' lang='lat' dir='ltr'>Wynchecombe</span> <span class='ocrx_word' id='word_1_87' title='bbox 1247 1186 1370 1232; x_wconf 88' lang='lat' dir='ltr'>dicit</span> <span class='ocrx_word' id='word_1_88' title='bbox 1393 1187 1560 1232; x_wconf 87' lang='lat' dir='ltr'>omnia</span> <span class='ocrx_word' id='word_1_89' title='bbox 1585 1187 1728 1233; x_wconf 91' lang='lat' dir='ltr'>bene.</span> 
     </span>
    </p>

    <p class='ocr_par' dir='ltr' id='par_1_10' title="bbox 365 1249 1716 1310">
     <span class='ocr_line' id='line_1_14' title="bbox 365 1249 1716 1310; baseline 0.001 -15"><span class='ocrx_word' id='word_1_90' title='bbox 365 1250 538 1296; x_wconf 91' lang='lat' dir='ltr'>Frater</span> <span class='ocrx_word' id='word_1_91' title='bbox 560 1250 814 1310; x_wconf 90' lang='lat' dir='ltr'>Johannes</span> <span class='ocrx_word' id='word_1_92' title='bbox 840 1250 1211 1308; x_wconf 88' lang='lat' dir='ltr'>Bengeworthe</span> <span class='ocrx_word' id='word_1_93' title='bbox 1235 1249 1358 1296; x_wconf 87' lang='lat' dir='ltr'>dicit</span> <span class='ocrx_word' id='word_1_94' title='bbox 1381 1250 1549 1295; x_wconf 90' lang='lat' dir='ltr'>omnia</span> <span class='ocrx_word' id='word_1_95' title='bbox 1572 1250 1716 1297; x_wconf 90' lang='lat' dir='ltr'>bene.</span> 
     </span>
    </p>

    <p class='ocr_par' dir='ltr' id='par_1_11' title="bbox 365 1313 1520 1374">
     <span class='ocr_line' id='line_1_15' title="bbox 365 1313 1520 1374; baseline -0.001 -15"><span class='ocrx_word' id='word_1_96' title='bbox 365 1314 538 1359; x_wconf 89' lang='lat' dir='ltr'>Frater</span> <span class='ocrx_word' id='word_1_97' title='bbox 561 1313 814 1374; x_wconf 88' lang='lat' dir='ltr'>Johannes</span> <span class='ocrx_word' id='word_1_98' title='bbox 838 1313 1011 1359; x_wconf 90' lang='lat' dir='ltr'>Stonle</span> <span class='ocrx_word' id='word_1_99' title='bbox 1037 1313 1161 1360; x_wconf 88' lang='lat' dir='ltr'>dicit</span> <span class='ocrx_word' id='word_1_100' title='bbox 1183 1313 1352 1360; x_wconf 88' lang='lat' dir='ltr'>omnia</span> <span class='ocrx_word' id='word_1_101' title='bbox 1375 1313 1520 1359; x_wconf 88' lang='lat' dir='ltr'>bene.</span> 
     </span>
    </p>

    <p class='ocr_par' dir='ltr' id='par_1_12' title="bbox 365 1376 1685 1438">
     <span class='ocr_line' id='line_1_16' title="bbox 365 1376 1685 1438; baseline 0.001 -16"><span class='ocrx_word' id='word_1_102' title='bbox 365 1377 538 1423; x_wconf 90' lang='lat' dir='ltr'>Frater</span> <span class='ocrx_word' id='word_1_103' title='bbox 559 1377 813 1438; x_wconf 89' lang='lat' dir='ltr'>Johannes</span> <span class='ocrx_word' id='word_1_104' title='bbox 839 1376 1179 1437; x_wconf 90' lang='lat' dir='ltr'>Malmesbury</span> <span class='ocrx_word' id='word_1_105' title='bbox 1204 1376 1327 1422; x_wconf 90' lang='lat' dir='ltr'>dicit</span> <span class='ocrx_word' id='word_1_106' title='bbox 1350 1377 1518 1422; x_wconf 90' lang='lat' dir='ltr'>omnia</span> <span class='ocrx_word' id='word_1_107' title='bbox 1542 1376 1685 1423; x_wconf 92' lang='lat' dir='ltr'>bene.</span> 
     </span>
    </p>

    <p class='ocr_par' dir='ltr' id='par_1_13' title="bbox 364 1440 1622 1501">
     <span class='ocr_line' id='line_1_17' title="bbox 364 1440 1622 1501; baseline 0.001 -15"><span class='ocrx_word' id='word_1_108' title='bbox 364 1441 538 1487; x_wconf 89' lang='lat' dir='ltr'>Frater</span> <span class='ocrx_word' id='word_1_109' title='bbox 560 1440 813 1501; x_wconf 89' lang='lat' dir='ltr'>Johannes</span> <span class='ocrx_word' id='word_1_110' title='bbox 835 1440 1117 1487; x_wconf 90' lang='lat' dir='ltr'>Abendone</span> <span class='ocrx_word' id='word_1_111' title='bbox 1141 1440 1264 1486; x_wconf 90' lang='lat' dir='ltr'>dicit</span> <span class='ocrx_word' id='word_1_112' title='bbox 1287 1441 1455 1486; x_wconf 90' lang='lat' dir='ltr'>omnia</span> <span class='ocrx_word' id='word_1_113' title='bbox 1479 1441 1622 1487; x_wconf 91' lang='lat' dir='ltr'>bene.</span> 
     </span>
    </p>

    <p class='ocr_par' dir='ltr' id='par_1_14' title="bbox 365 1504 1679 1565">
     <span class='ocr_line' id='line_1_18' title="bbox 365 1504 1679 1565; baseline 0 -15"><span class='ocrx_word' id='word_1_114' title='bbox 365 1504 539 1550; x_wconf 90' lang='lat' dir='ltr'>Frater</span> <span class='ocrx_word' id='word_1_115' title='bbox 565 1504 813 1550; x_wconf 90' lang='lat' dir='ltr'>Robertus</span> <span class='ocrx_word' id='word_1_116' title='bbox 840 1504 1175 1565; x_wconf 80' lang='lat' dir='ltr'>Faryngdone</span> <span class='ocrx_word' id='word_1_117' title='bbox 1199 1504 1321 1549; x_wconf 93' lang='lat' dir='ltr'>dicit</span> <span class='ocrx_word' id='word_1_118' title='bbox 1344 1505 1512 1550; x_wconf 88' lang='lat' dir='ltr'>omnia</span> <span class='ocrx_word' id='word_1_119' title='bbox 1536 1505 1679 1551; x_wconf 89' lang='lat' dir='ltr'>bene.</span> 
     </span>
    </p>

    <p class='ocr_par' dir='ltr' id='par_1_15' title="bbox 365 1567 1490 1628">
     <span class='ocr_line' id='line_1_19' title="bbox 365 1567 1490 1628; baseline 0 -15"><span class='ocrx_word' id='word_1_120' title='bbox 365 1568 538 1614; x_wconf 83' lang='lat' dir='ltr'>Frater</span> <span class='ocrx_word' id='word_1_121' title='bbox 560 1567 782 1614; x_wconf 85' lang='lat' dir='ltr'>Thomas</span> <span class='ocrx_word' id='word_1_122' title='bbox 808 1568 986 1628; x_wconf 91' lang='lat' dir='ltr'>Dewly</span> <span class='ocrx_word' id='word_1_123' title='bbox 1010 1568 1133 1614; x_wconf 89' lang='lat' dir='ltr'>dicit</span> <span class='ocrx_word' id='word_1_124' title='bbox 1155 1568 1324 1614; x_wconf 91' lang='lat' dir='ltr'>omnia</span> <span class='ocrx_word' id='word_1_125' title='bbox 1348 1567 1490 1613; x_wconf 87' lang='lat' dir='ltr'>bene.</span> 
     </span>
    </p>

    <p class='ocr_par' dir='ltr' id='par_1_16' title="bbox 365 1630 1703 1693">
     <span class='ocr_line' id='line_1_20' title="bbox 365 1630 1703 1693; baseline 0 -15"><span class='ocrx_word' id='word_1_126' title='bbox 365 1632 538 1678; x_wconf 88' lang='lat' dir='ltr'>Frater</span> <span class='ocrx_word' id='word_1_127' title='bbox 560 1630 813 1693; x_wconf 90' lang='lat' dir='ltr'>Johannes</span> <span class='ocrx_word' id='word_1_128' title='bbox 839 1631 1194 1691; x_wconf 87' lang='lat' dir='ltr'>Baumburghe</span> <span class='ocrx_word' id='word_1_129' title='bbox 1219 1631 1341 1678; x_wconf 88' lang='lat' dir='ltr'>dicit</span> <span class='ocrx_word' id='word_1_130' title='bbox 1364 1633 1533 1678; x_wconf 90' lang='lat' dir='ltr'>omnia</span> <span class='ocrx_word' id='word_1_131' title='bbox 1561 1632 1703 1678; x_wconf 90' lang='lat' dir='ltr'>bene.</span> 
     </span>
    </p>
   </div>
   <div class='ocr_carea' id='block_1_3' title="bbox 1168 1783 1343 1841">
    <p class='ocr_par' dir='ltr' id='par_1_17' title="bbox 1168 1783 1343 1841">
     <span class='ocr_line' id='line_1_21' title="bbox 1168 1783 1343 1841; baseline -0.006 -1"><span class='ocrx_word' id='word_1_132' title='bbox 1168 1783 1343 1841; x_wconf 91' lang='lat' dir='ltr'><strong>XXI.</strong></span> 
     </span>
    </p>
   </div>
   <div class='ocr_carea' id='block_1_4' title="bbox 1140 1900 1383 1963">
    <p class='ocr_par' dir='ltr' id='par_1_18' title="bbox 1140 1900 1383 1963">
     <span class='ocr_line' id='line_1_22' title="bbox 1140 1900 1383 1963; baseline 0.008 -17"><span class='ocrx_word' id='word_1_133' title='bbox 1140 1900 1258 1962; x_wconf 78' lang='lat' dir='ltr'>[Eo.</span> <span class='ocrx_word' id='word_1_134' title='bbox 1299 1901 1383 1963; x_wconf 86' lang='lat'>18]</span> 
     </span>
    </p>
   </div>
   <div class='ocr_carea' id='block_1_5' title="bbox 236 1984 2279 2231">
    <p class='ocr_par' dir='ltr' id='par_1_19' title="bbox 236 1984 2279 2231">
     <span class='ocr_line' id='line_1_23' title="bbox 236 1984 2278 2040; baseline 0 -10"><span class='ocrx_word' id='word_1_135' title='bbox 236 1984 502 2031; x_wconf 77' lang='lat' dir='ltr'>V1srrAcro</span> <span class='ocrx_word' id='word_1_136' title='bbox 550 1997 833 2030; x_wconf 82' lang='lat' dir='ltr'><strong>PRIORATUS</strong></span> <span class='ocrx_word' id='word_1_137' title='bbox 879 1997 1181 2031; x_wconf 85' lang='lat' dir='ltr'><strong>MONIALIUM</strong></span> <span class='ocrx_word' id='word_1_138' title='bbox 1229 1998 1299 2030; x_wconf 90' lang='lat' dir='ltr'>DE</span> <span class='ocrx_word' id='word_1_139' title='bbox 1352 1985 1573 2040; x_wconf 88' lang='lat' dir='ltr'>FOSSE,</span> <span class='ocrx_word' id='word_1_140' title='bbox 1616 1998 1829 2031; x_wconf 77' lang='lat' dir='ltr'>ORmNis</span> <span class='ocrx_word' id='word_1_141' title='bbox 1874 1985 2278 2040; x_wconf 82' lang='lat' dir='ltr'>CISTERCIENSIS,</span> 
     </span>
     <span class='ocr_line' id='line_1_24' title="bbox 430 2048 2279 2103; baseline 0.001 -10"><span class='ocrx_word' id='word_1_142' title='bbox 430 2048 836 2094; x_wconf 79' lang='lat' dir='ltr'>L1NcoLN1ENS1s</span> <span class='ocrx_word' id='word_1_143' title='bbox 881 2061 1128 2103; x_wconf 65' lang='lat' dir='ltr'>mowsm,</span> <span class='ocrx_word' id='word_1_144' title='bbox 1166 2061 1323 2094; x_wconf 86' lang='lat' dir='ltr'><strong>FACTA</strong></span> <span class='ocrx_word' id='word_1_145' title='bbox 1371 2062 1424 2095; x_wconf 77' lang='lat' dir='ltr'>m</span> <span class='ocrx_word' id='word_1_146' title='bbox 1462 2061 1610 2095; x_wconf 83' lang='lat' dir='ltr'>DOMO</span> <span class='ocrx_word' id='word_1_147' title='bbox 1659 2061 1965 2094; x_wconf 81' lang='lat' dir='ltr'><strong>CAPITULARI</strong></span> <span class='ocrx_word' id='word_1_148' title='bbox 2003 2061 2192 2094; x_wconf 85' lang='lat' dir='ltr'>IBIDEM</span> <span class='ocrx_word' id='word_1_149' title='bbox 2228 2061 2279 2094; x_wconf 83' lang='lat' dir='ltr'>vs</span> 
     </span>
     <span class='ocr_line' id='line_1_25' title="bbox 427 2112 2279 2167; baseline 0 -11"><span class='ocrx_word' id='word_1_150' title='bbox 427 2124 518 2157; x_wconf 87' lang='lat' dir='ltr'>DIE</span> <span class='ocrx_word' id='word_1_151' title='bbox 543 2124 730 2157; x_wconf 81' lang='lat' dir='ltr'>MENS1s</span> <span class='ocrx_word' id='word_1_152' title='bbox 758 2112 983 2167; x_wconf 80' lang='lat' dir='ltr'>APRILIS,</span> <span class='ocrx_word' id='word_1_153' title='bbox 1009 2124 1149 2158; x_wconf 79' lang='lat' dir='ltr'>ANNo</span> <span class='ocrx_word' id='word_1_154' title='bbox 1176 2113 1380 2158; x_wconf 84' lang='lat' dir='ltr'><strong>DOMINI</strong></span> <span class='ocrx_word' id='word_1_155' title='bbox 1418 2124 1669 2167; x_wconf 80' lang='lat' dir='ltr'>Mcccch,</span> <span class='ocrx_word' id='word_1_156' title='bbox 1697 2124 1797 2158; x_wconf 85' lang='lat' dir='ltr'>PER</span> <span class='ocrx_word' id='word_1_157' title='bbox 1821 2114 2187 2158; x_wconf 71' lang='lat' dir='ltr'>REUERENDUM</span> <span class='ocrx_word' id='word_1_158' title='bbox 2225 2123 2279 2156; x_wconf 73' lang='lat' dir='ltr'>m</span> 
     </span>
     <span class='ocr_line' id='line_1_26' title="bbox 426 2175 2277 2231; baseline -0.001 -9"><span class='ocrx_word' id='word_1_159' title='bbox 426 2176 657 2222; x_wconf 87' lang='lat' dir='ltr'>CHRISTO</span> <span class='ocrx_word' id='word_1_160' title='bbox 725 2187 930 2220; x_wconf 78' lang='lat' dir='ltr'><strong>PATREM</strong></span> <span class='ocrx_word' id='word_1_161' title='bbox 989 2188 1054 2220; x_wconf 83' lang='lat' dir='ltr'>ET</span> <span class='ocrx_word' id='word_1_162' title='bbox 1110 2188 1378 2231; x_wconf 87' lang='lat' dir='ltr'>DOMINUM,</span> <span class='ocrx_word' id='word_1_163' title='bbox 1438 2188 1691 2222; x_wconf 85' lang='lat' dir='ltr'>DOMINUM</span> <span class='ocrx_word' id='word_1_164' title='bbox 1746 2176 2114 2231; x_wconf 82' lang='lat' dir='ltr'>WILLELMUM,</span> <span class='ocrx_word' id='word_1_165' title='bbox 2174 2175 2277 2220; x_wconf 90' lang='lat' dir='ltr'>DE1</span> 
     </span>
    </p>
   </div>
   <div class='ocr_carea' id='block_1_6' title="bbox 423 2238 2279 2349">
    <p class='ocr_par' dir='ltr' id='par_1_20' title="bbox 423 2238 2279 2349">
     <span class='ocr_line' id='line_1_27' title="bbox 424 2238 2279 2296; baseline 0 -12"><span class='ocrx_word' id='word_1_166' title='bbox 424 2251 611 2285; x_wconf 83' lang='lat' dir='ltr'><strong>GRACIA</strong></span> <span class='ocrx_word' id='word_1_167' title='bbox 669 2238 1106 2285; x_wconf 84' lang='lat' dir='ltr'>LINCOLNIENSEM</span> <span class='ocrx_word' id='word_1_168' title='bbox 1155 2251 1462 2296; x_wconf 86' lang='lat' dir='ltr'>EPISCOPUM,</span> <span class='ocrx_word' id='word_1_169' title='bbox 1510 2252 1650 2286; x_wconf 84' lang='lat' dir='ltr'><strong>ANNO</strong></span> <span class='ocrx_word' id='word_1_170' title='bbox 1695 2251 1792 2285; x_wconf 85' lang='lat' dir='ltr'>SUE</span> <span class='ocrx_word' id='word_1_171' title='bbox 1838 2250 2279 2286; x_wconf 79' lang='lat' dir='ltr'><strong>CONSECRACIONIS</strong></span> 
     </span>
     <span class='ocr_line' id='line_1_28' title="bbox 423 2307 1261 2349; baseline 0 -1"><span class='ocrx_word' id='word_1_172' title='bbox 423 2308 563 2348; x_wconf 72' lang='grc' dir='ltr'>ΧΙΠ]ο</span> <span class='ocrx_word' id='word_1_173' title='bbox 598 2315 663 2347; x_wconf 85' lang='grc' dir='ltr'>ΕΤ</span> <span class='ocrx_word' id='word_1_174' title='bbox 694 2314 1097 2349; x_wconf 84' lang='lat' dir='ltr'><strong>TRANSLACIONIS</strong></span> <span class='ocrx_word' id='word_1_175' title='bbox 1133 2307 1261 2349; x_wconf 71' lang='lat'>1111‘0.</span> 
     </span>
    </p>
   </div>
   <div class='ocr_carea' id='block_1_7' title="bbox 234 2405 2282 3231">
    <p class='ocr_par' dir='ltr' id='par_1_21' title="bbox 234 2405 2282 3231">
     <span class='ocr_line' id='line_1_29' title="bbox 365 2405 2280 2467; baseline -0.001 -16"><span class='ocrx_word' id='word_1_176' title='bbox 365 2406 423 2451; x_wconf 90' lang='lat' dir='ltr'>In</span> <span class='ocrx_word' id='word_1_177' title='bbox 459 2419 559 2467; x_wconf 92' lang='lat' dir='ltr'>quo</span> <span class='ocrx_word' id='word_1_178' title='bbox 595 2406 821 2465; x_wconf 88' lang='lat' dir='ltr'>negocio,</span> <span class='ocrx_word' id='word_1_179' title='bbox 847 2405 968 2465; x_wconf 90' lang='lat' dir='ltr'>ipsis</span> <span class='ocrx_word' id='word_1_180' title='bbox 1004 2406 1086 2452; x_wconf 89' lang='lat' dir='ltr'>die</span> <span class='ocrx_word' id='word_1_181' title='bbox 1123 2409 1173 2452; x_wconf 94' lang='lat' dir='ltr'>et</span> <span class='ocrx_word' id='word_1_182' title='bbox 1202 2406 1328 2462; x_wconf 88' lang='lat' dir='ltr'>loco,</span> <span class='ocrx_word' id='word_1_183' title='bbox 1356 2406 1492 2452; x_wconf 88' lang='lat' dir='ltr'>dicto</span> <span class='ocrx_word' id='word_1_184' title='bbox 1516 2406 1796 2453; x_wconf 90' lang='lat' dir='ltr'>reuerendo</span> <span class='ocrx_word' id='word_1_185' title='bbox 1818 2410 1960 2466; x_wconf 91' lang='lat' dir='ltr'>patre</span> <span class='ocrx_word' id='word_1_186' title='bbox 1983 2405 2280 2452; x_wconf 84' lang='lat' dir='ltr'>iudicialiter</span> 
     </span>
     <span class='ocr_line' id='line_1_30' title="bbox 235 2469 2278 2529; baseline -0.001 -13"><span class='ocrx_word' id='word_1_187' title='bbox 235 2469 457 2524; x_wconf 88' lang='lat' dir='ltr'>sedente,</span> <span class='ocrx_word' id='word_1_188' title='bbox 482 2472 869 2528; x_wconf 85' lang='lat' dir='ltr'>comparuerunt</span> <span class='ocrx_word' id='word_1_189' title='bbox 891 2483 1061 2515; x_wconf 88' lang='lat' dir='ltr'>coram</span> <span class='ocrx_word' id='word_1_190' title='bbox 1085 2484 1146 2516; x_wconf 91' lang='lat' dir='ltr'>eo</span> <span class='ocrx_word' id='word_1_191' title='bbox 1181 2471 1418 2529; x_wconf 88' lang='lat' dir='ltr'>priorissa</span> <span class='ocrx_word' id='word_1_192' title='bbox 1455 2473 1504 2516; x_wconf 90' lang='lat' dir='ltr'>et</span> <span class='ocrx_word' id='word_1_193' title='bbox 1539 2474 1816 2516; x_wconf 89' lang='lat' dir='ltr'>conuentus</span> <span class='ocrx_word' id='word_1_194' title='bbox 1851 2470 1973 2516; x_wconf 88' lang='lat' dir='ltr'>dicti</span> <span class='ocrx_word' id='word_1_195' title='bbox 2007 2469 2105 2515; x_wconf 87' lang='lat' dir='ltr'>loci</span> <span class='ocrx_word' id='word_1_196' title='bbox 2139 2483 2278 2515; x_wconf 90' lang='lat' dir='ltr'>suam</span> 
     </span>
     <span class='ocr_line' id='line_1_31' title="bbox 234 2532 2280 2593; baseline 0 -15"><span class='ocrx_word' id='word_1_197' title='bbox 234 2534 577 2579; x_wconf 89' lang='lat' dir='ltr'>visitacionem</span> <span class='ocrx_word' id='word_1_198' title='bbox 602 2532 723 2579; x_wconf 92' lang='lat' dir='ltr'>dicti</span> <span class='ocrx_word' id='word_1_199' title='bbox 747 2533 1011 2579; x_wconf 91' lang='lat' dir='ltr'>reuerendi</span> <span class='ocrx_word' id='word_1_200' title='bbox 1035 2533 1204 2593; x_wconf 86' lang='lat' dir='ltr'>patris,</span> <span class='ocrx_word' id='word_1_201' title='bbox 1229 2536 1279 2579; x_wconf 88' lang='lat' dir='ltr'>vt</span> <span class='ocrx_word' id='word_1_202' title='bbox 1303 2534 1547 2593; x_wconf 80' lang='lat' dir='ltr'>apparuit,</span> <span class='ocrx_word' id='word_1_203' title='bbox 1574 2534 1808 2579; x_wconf 87' lang='lat' dir='ltr'>subiture.</span> <span class='ocrx_word' id='word_1_204' title='bbox 1902 2533 2068 2579; x_wconf 88' lang='lat' dir='ltr'>Primo</span> <span class='ocrx_word' id='word_1_205' title='bbox 2092 2535 2142 2578; x_wconf 87' lang='lat' dir='ltr'>et</span> <span class='ocrx_word' id='word_1_206' title='bbox 2164 2537 2280 2578; x_wconf 86' lang='lat' dir='ltr'>ante</span> 
     </span>
     <span class='ocr_line' id='line_1_32' title="bbox 234 2596 2282 2658; baseline -0.001 -15"><span class='ocrx_word' id='word_1_207' title='bbox 234 2597 398 2643; x_wconf 83' lang='lat' dir='ltr'>omnia</span> <span class='ocrx_word' id='word_1_208' title='bbox 421 2597 734 2656; x_wconf 90' lang='lat' dir='ltr'>propositum</span> <span class='ocrx_word' id='word_1_209' title='bbox 757 2596 850 2641; x_wconf 83' lang='lat' dir='ltr'>fuit</span> <span class='ocrx_word' id='word_1_210' title='bbox 873 2597 1081 2643; x_wconf 89' lang='lat' dir='ltr'>verbum</span> <span class='ocrx_word' id='word_1_211' title='bbox 1107 2597 1202 2643; x_wconf 91' lang='lat' dir='ltr'>Dei</span> <span class='ocrx_word' id='word_1_212' title='bbox 1227 2597 1501 2643; x_wconf 89' lang='lat' dir='ltr'>secundum</span> <span class='ocrx_word' id='word_1_213' title='bbox 1526 2597 1624 2643; x_wconf 94' lang='lat' dir='ltr'>hoc</span> <span class='ocrx_word' id='word_1_214' title='bbox 1646 2597 1830 2652; x_wconf 86' lang='lat' dir='ltr'>thema,</span> <span class='ocrx_word' id='word_1_215' title='bbox 1858 2597 2044 2643; x_wconf 85' lang='lat' dir='ltr'>‘Venio</span> <span class='ocrx_word' id='word_1_216' title='bbox 2069 2611 2282 2658; x_wconf 90' lang='lat' dir='ltr'>querens</span> 
     </span>
     <span class='ocr_line' id='line_1_33' title="bbox 234 2658 2282 2721; baseline -0.001 -15"><span class='ocrx_word' id='word_1_217' title='bbox 234 2661 452 2707; x_wconf 82' lang='lat' dir='ltr'>fructum</span> <span class='ocrx_word' id='word_1_218' title='bbox 467 2659 494 2717; x_wconf 86' lang='lat'>&#39;,</span> <span class='ocrx_word' id='word_1_219' title='bbox 515 2661 626 2705; x_wconf 85' lang='lat' dir='ltr'>etc.¹</span> <span class='ocrx_word' id='word_1_220' title='bbox 651 2677 660 2717; x_wconf 92' lang='lat'>;</span> <span class='ocrx_word' id='word_1_221' title='bbox 686 2675 785 2721; x_wconf 86' lang='lat' dir='ltr'>quo</span> <span class='ocrx_word' id='word_1_222' title='bbox 804 2661 941 2705; x_wconf 88' lang='lat' dir='ltr'>iuxta</span> <span class='ocrx_word' id='word_1_223' title='bbox 963 2663 1102 2706; x_wconf 90' lang='lat' dir='ltr'>actus</span> <span class='ocrx_word' id='word_1_224' title='bbox 1126 2659 1277 2706; x_wconf 81' lang='lat' dir='ltr'>futuri</span> <span class='ocrx_word' id='word_1_225' title='bbox 1302 2661 1688 2720; x_wconf 83' lang='lat' dir='ltr'>congruenciam</span> <span class='ocrx_word' id='word_1_226' title='bbox 1708 2664 1757 2706; x_wconf 93' lang='lat' dir='ltr'>et</span> <span class='ocrx_word' id='word_1_227' title='bbox 1781 2661 1940 2707; x_wconf 92' lang='lat' dir='ltr'>eciam</span> <span class='ocrx_word' id='word_1_228' title='bbox 1963 2658 2282 2706; x_wconf 78' lang='lat' dir='ltr'>auditorium²</span> 
     </span>
     <span class='ocr_line' id='line_1_34' title="bbox 235 2723 2281 2784; baseline -0 -15"><span class='ocrx_word' id='word_1_229' title='bbox 235 2723 390 2780; x_wconf 86' lang='lat' dir='ltr'>finito,</span> <span class='ocrx_word' id='word_1_230' title='bbox 432 2724 670 2783; x_wconf 89' lang='lat' dir='ltr'>priorissa</span> <span class='ocrx_word' id='word_1_231' title='bbox 704 2724 936 2769; x_wconf 89' lang='lat' dir='ltr'>liberauit</span> <span class='ocrx_word' id='word_1_232' title='bbox 973 2724 1179 2770; x_wconf 90' lang='lat' dir='ltr'>domino</span> <span class='ocrx_word' id='word_1_233' title='bbox 1216 2725 1507 2770; x_wconf 82' lang='lat' dir='ltr'>mandatum</span> <span class='ocrx_word' id='word_1_234' title='bbox 1547 2739 1690 2769; x_wconf 89' lang='lat' dir='ltr'>suum</span> <span class='ocrx_word' id='word_1_235' title='bbox 1727 2725 1820 2770; x_wconf 89' lang='lat' dir='ltr'>sibi</span> <span class='ocrx_word' id='word_1_236' title='bbox 1859 2739 1950 2784; x_wconf 92' lang='lat' dir='ltr'>pro</span> <span class='ocrx_word' id='word_1_237' title='bbox 1986 2723 2281 2769; x_wconf 84' lang='lat' dir='ltr'>visitacione</span> 
     </span>
     <span class='ocr_line' id='line_1_35' title="bbox 237 2784 2279 2848; baseline -0.001 -15"><span class='ocrx_word' id='word_1_238' title='bbox 237 2787 523 2833; x_wconf 91' lang='lat' dir='ltr'>huiusmodi</span> <span class='ocrx_word' id='word_1_239' title='bbox 560 2784 805 2833; x_wconf 88' lang='lat' dir='ltr'>directum</span> <span class='ocrx_word' id='word_1_240' title='bbox 841 2788 954 2834; x_wconf 93' lang='lat' dir='ltr'>loco</span> <span class='ocrx_word' id='word_1_241' title='bbox 995 2787 1346 2848; x_wconf 86' lang='lat' dir='ltr'>certificatorij,</span> <span class='ocrx_word' id='word_1_242' title='bbox 1393 2803 1506 2834; x_wconf 91' lang='lat' dir='ltr'>cum</span> <span class='ocrx_word' id='word_1_243' title='bbox 1544 2803 1638 2834; x_wconf 83' lang='lat' dir='ltr'>non</span> <span class='ocrx_word' id='word_1_244' title='bbox 1684 2788 1868 2834; x_wconf 87' lang='lat' dir='ltr'>habeat</span> <span class='ocrx_word' id='word_1_245' title='bbox 1912 2787 2149 2833; x_wconf 90' lang='lat' dir='ltr'>clericum</span> <span class='ocrx_word' id='word_1_246' title='bbox 2194 2787 2279 2848; x_wconf 92' lang='lat' dir='ltr'>qui</span> 
     </span>
     <span class='ocr_line' id='line_1_36' title="bbox 237 2850 2281 2913; baseline -0.001 -16"><span class='ocrx_word' id='word_1_247' title='bbox 237 2850 641 2897; x_wconf 90' lang='lat' dir='ltr'>certificatorium</span> <span class='ocrx_word' id='word_1_248' title='bbox 665 2852 863 2897; x_wconf 86' lang='lat' dir='ltr'>scribat.</span> <span class='ocrx_word' id='word_1_249' title='bbox 954 2852 1032 2898; x_wconf 92' lang='lat' dir='ltr'>De</span> <span class='ocrx_word' id='word_1_250' title='bbox 1068 2866 1168 2913; x_wconf 90' lang='lat' dir='ltr'>quo</span> <span class='ocrx_word' id='word_1_251' title='bbox 1207 2852 1440 2898; x_wconf 87' lang='lat' dir='ltr'>dominus</span> <span class='ocrx_word' id='word_1_252' title='bbox 1477 2854 1740 2897; x_wconf 88' lang='lat' dir='ltr'>contentus</span> <span class='ocrx_word' id='word_1_253' title='bbox 1764 2851 2021 2897; x_wconf 82' lang='lat' dir='ltr'>mandauit</span> <span class='ocrx_word' id='word_1_254' title='bbox 2044 2850 2281 2910; x_wconf 86' lang='lat' dir='ltr'>priorisse</span> 
     </span>
     <span class='ocr_line' id='line_1_37' title="bbox 236 2913 2282 2971; baseline -0.001 -11"><span class='ocrx_word' id='word_1_255' title='bbox 236 2918 289 2960; x_wconf 89' lang='lat' dir='ltr'>vt</span> <span class='ocrx_word' id='word_1_256' title='bbox 311 2914 546 2961; x_wconf 88' lang='lat' dir='ltr'>exhibeat</span> <span class='ocrx_word' id='word_1_257' title='bbox 578 2915 774 2960; x_wconf 89' lang='lat' dir='ltr'>titulum</span> <span class='ocrx_word' id='word_1_258' title='bbox 810 2915 1172 2971; x_wconf 89' lang='lat' dir='ltr'>incumbencie,</span> <span class='ocrx_word' id='word_1_259' title='bbox 1197 2915 1553 2961; x_wconf 79' lang='lat' dir='ltr'>fundacionem</span> <span class='ocrx_word' id='word_1_260' title='bbox 1588 2918 1638 2961; x_wconf 92' lang='lat' dir='ltr'>et</span> <span class='ocrx_word' id='word_1_261' title='bbox 1671 2918 1854 2961; x_wconf 87' lang='lat' dir='ltr'>statum</span> <span class='ocrx_word' id='word_1_262' title='bbox 1889 2915 2097 2970; x_wconf 84' lang='lat' dir='ltr'>domus;</span> <span class='ocrx_word' id='word_1_263' title='bbox 2135 2916 2185 2960; x_wconf 84' lang='lat' dir='ltr'>et</span> <span class='ocrx_word' id='word_1_264' title='bbox 2215 2913 2282 2958; x_wconf 91' lang='lat' dir='ltr'>ad</span> 
     </span>
     <span class='ocr_line' id='line_1_38' title="bbox 237 2976 2280 3025; baseline -0 -1"><span class='ocrx_word' id='word_1_265' title='bbox 237 2979 404 3024; x_wconf 90' lang='lat' dir='ltr'>statim</span> <span class='ocrx_word' id='word_1_266' title='bbox 428 2978 653 3024; x_wconf 86' lang='lat' dir='ltr'>exhibuit</span> <span class='ocrx_word' id='word_1_267' title='bbox 677 2978 1118 3025; x_wconf 89' lang='lat' dir='ltr'>confirmacionem</span> <span class='ocrx_word' id='word_1_268' title='bbox 1141 2981 1191 3025; x_wconf 93' lang='lat' dir='ltr'>et</span> <span class='ocrx_word' id='word_1_269' title='bbox 1223 2979 1507 3024; x_wconf 81' lang='lat' dir='ltr'>mandatum</span> <span class='ocrx_word' id='word_1_270' title='bbox 1532 2979 1600 3024; x_wconf 88' lang='lat' dir='ltr'>ad</span> <span class='ocrx_word' id='word_1_271' title='bbox 1632 2978 2002 3024; x_wconf 80' lang='lat' dir='ltr'>installandum⁸</span> <span class='ocrx_word' id='word_1_272' title='bbox 2023 2992 2083 3023; x_wconf 88' lang='lat' dir='ltr'>ac</span> <span class='ocrx_word' id='word_1_273' title='bbox 2105 2976 2280 3022; x_wconf 80' lang='lat' dir='ltr'>funda-</span> 
     </span>
     <span class='ocr_line' id='line_1_39' title="bbox 236 3041 2282 3104; baseline -0.001 -17"><span class='ocrx_word' id='word_1_274' title='bbox 236 3042 435 3088; x_wconf 91' lang='lat' dir='ltr'>cionem</span> <span class='ocrx_word' id='word_1_275' title='bbox 459 3041 651 3099; x_wconf 86' lang='lat' dir='ltr'>domus,</span> <span class='ocrx_word' id='word_1_276' title='bbox 671 3042 762 3088; x_wconf 90' lang='lat' dir='ltr'>sed</span> <span class='ocrx_word' id='word_1_277' title='bbox 785 3057 886 3088; x_wconf 93' lang='lat' dir='ltr'>non</span> <span class='ocrx_word' id='word_1_278' title='bbox 905 3042 1055 3088; x_wconf 90' lang='lat' dir='ltr'>docet</span> <span class='ocrx_word' id='word_1_279' title='bbox 1079 3042 1144 3089; x_wconf 91' lang='lat' dir='ltr'>de</span> <span class='ocrx_word' id='word_1_280' title='bbox 1161 3042 1518 3088; x_wconf 88' lang='lat' dir='ltr'>installacione.</span> <span class='ocrx_word' id='word_1_281' title='bbox 1567 3042 1704 3089; x_wconf 92' lang='lat' dir='ltr'>Dicit</span> <span class='ocrx_word' id='word_1_282' title='bbox 1726 3041 1863 3104; x_wconf 91' lang='lat' dir='ltr'>quod</span> <span class='ocrx_word' id='word_1_283' title='bbox 1886 3056 2060 3088; x_wconf 91' lang='lat' dir='ltr'>omnes</span> <span class='ocrx_word' id='word_1_284' title='bbox 2084 3055 2282 3086; x_wconf 91' lang='lat' dir='ltr'>sorores</span> 
     </span>
     <span class='ocr_line' id='line_1_40' title="bbox 237 3103 2281 3166; baseline -0.001 -15"><span class='ocrx_word' id='word_1_285' title='bbox 237 3120 325 3152; x_wconf 88' lang='lat' dir='ltr'>sue</span> <span class='ocrx_word' id='word_1_286' title='bbox 359 3120 490 3151; x_wconf 92' lang='lat' dir='ltr'>nunc</span> <span class='ocrx_word' id='word_1_287' title='bbox 523 3108 782 3165; x_wconf 87' lang='lat' dir='ltr'>presentes</span> <span class='ocrx_word' id='word_1_288' title='bbox 811 3109 932 3152; x_wconf 91' lang='lat' dir='ltr'>tunc</span> <span class='ocrx_word' id='word_1_289' title='bbox 966 3109 1106 3153; x_wconf 90' lang='lat' dir='ltr'>erant</span> <span class='ocrx_word' id='word_1_290' title='bbox 1139 3109 1398 3166; x_wconf 90' lang='lat' dir='ltr'>presentes</span> <span class='ocrx_word' id='word_1_291' title='bbox 1430 3108 1660 3165; x_wconf 83' lang='lat' dir='ltr'>ternpore</span> <span class='ocrx_word' id='word_1_292' title='bbox 1681 3105 2052 3161; x_wconf 88' lang='lat' dir='ltr'>installacionis,</span> <span class='ocrx_word' id='word_1_293' title='bbox 2078 3103 2281 3166; x_wconf 90' lang='lat' dir='ltr'>quando</span> 
     </span>
     <span class='ocr_line' id='line_1_41' title="bbox 238 3168 2280 3231; baseline -0.001 -17"><span class='ocrx_word' id='word_1_294' title='bbox 238 3168 487 3214; x_wconf 88' lang='lat' dir='ltr'>installata</span> <span class='ocrx_word' id='word_1_295' title='bbox 524 3172 630 3215; x_wconf 89' lang='lat' dir='ltr'>erat</span> <span class='ocrx_word' id='word_1_296' title='bbox 665 3171 962 3216; x_wconf 88' lang='lat' dir='ltr'>auctoritate</span> <span class='ocrx_word' id='word_1_297' title='bbox 998 3169 1355 3226; x_wconf 88' lang='lat' dir='ltr'>archidiaconi,</span> <span class='ocrx_word' id='word_1_298' title='bbox 1380 3169 1445 3216; x_wconf 91' lang='lat' dir='ltr'>de</span> <span class='ocrx_word' id='word_1_299' title='bbox 1481 3183 1581 3231; x_wconf 93' lang='lat' dir='ltr'>quo</span> <span class='ocrx_word' id='word_1_300' title='bbox 1608 3183 1708 3215; x_wconf 92' lang='lat' dir='ltr'>non</span> <span class='ocrx_word' id='word_1_301' title='bbox 1732 3169 1883 3216; x_wconf 89' lang='lat' dir='ltr'>docet</span> <span class='ocrx_word' id='word_1_302' title='bbox 1906 3169 1957 3214; x_wconf 92' lang='lat' dir='ltr'>in</span> <span class='ocrx_word' id='word_1_303' title='bbox 1980 3170 2132 3214; x_wconf 90' lang='lat' dir='ltr'>certo.</span> <span class='ocrx_word' id='word_1_304' title='bbox 2204 3168 2280 3213; x_wconf 93' lang='lat' dir='ltr'>In-</span> 
     </span>
    </p>
   </div>
   <div class='ocr_carea' id='block_1_8' title="bbox 385 3249 1056 3258">
    <p class='ocr_par' dir='ltr' id='par_1_22' title="bbox 385 3249 1056 3258">
     <span class='ocr_line' id='line_1_42' title="bbox 385 3249 1056 3258; baseline 0 0"><span class='ocrx_word' id='word_1_305' title='bbox 385 3249 1056 3258; x_wconf 95' lang='lat' dir='ltr'> </span> 
     </span>
    </p>
   </div>
   <div class='ocr_carea' id='block_1_9' title="bbox 1174 3253 1450 3257">
    <p class='ocr_par' dir='ltr' id='par_1_23' title="bbox 1174 3253 1450 3257">
     <span class='ocr_line' id='line_1_43' title="bbox 1174 3253 1450 3257; baseline 0 0"><span class='ocrx_word' id='word_1_306' title='bbox 1174 3253 1450 3257; x_wconf 95' lang='lat' dir='ltr'> </span> 
     </span>
    </p>
   </div>
   <div class='ocr_carea' id='block_1_10' title="bbox 335 3279 1230 3423">
    <p class='ocr_par' dir='ltr' id='par_1_24' title="bbox 335 3279 1230 3423">
     <span class='ocr_line' id='line_1_44' title="bbox 339 3279 742 3328; baseline 0 -9"><span class='ocrx_word' id='word_1_307' title='bbox 339 3280 353 3304; x_wconf 76' lang='lat'><em>1</em></span> <span class='ocrx_word' id='word_1_308' title='bbox 380 3280 440 3319; x_wconf 89' lang='lat' dir='ltr'>St.</span> <span class='ocrx_word' id='word_1_309' title='bbox 460 3279 573 3318; x_wconf 86' lang='lat' dir='ltr'>Luke</span> <span class='ocrx_word' id='word_1_310' title='bbox 591 3289 686 3328; x_wconf 86' lang='lat' dir='ltr'>xm,</span> <span class='ocrx_word' id='word_1_311' title='bbox 706 3289 742 3326; x_wconf 91' lang='lat'>7.</span> 
     </span>
     <span class='ocr_line' id='line_1_45' title="bbox 335 3330 1230 3382; baseline 0.002 -12"><span class='ocrx_word' id='word_1_312' title='bbox 335 3330 352 3354; x_wconf 83' lang='lat'><strong>2</strong></span> <span class='ocrx_word' id='word_1_313' title='bbox 378 3333 440 3370; x_wconf 83' lang='lat' dir='ltr'>Sic</span> <span class='ocrx_word' id='word_1_314' title='bbox 457 3345 471 3368; x_wconf 91' lang='lat'><em>:</em></span> <span class='ocrx_word' id='word_1_315' title='bbox 497 3332 712 3370; x_wconf 85' lang='lat' dir='ltr'>auditorum</span> <span class='ocrx_word' id='word_1_316' title='bbox 733 3345 822 3382; x_wconf 86' lang='lat' dir='ltr'>may</span> <span class='ocrx_word' id='word_1_317' title='bbox 840 3332 941 3371; x_wconf 87' lang='lat' dir='ltr'>have</span> <span class='ocrx_word' id='word_1_318' title='bbox 962 3333 1062 3371; x_wconf 89' lang='lat' dir='ltr'>been</span> <span class='ocrx_word' id='word_1_319' title='bbox 1082 3342 1230 3372; x_wconf 83' lang='lat' dir='ltr'>meant.</span> 
     </span>
     <span class='ocr_line' id='line_1_46' title="bbox 338 3382 1112 3423; baseline 0.004 -4"><span class='ocrx_word' id='word_1_320' title='bbox 338 3382 354 3407; x_wconf 77' lang='lat'><strong>⁸</strong></span> <span class='ocrx_word' id='word_1_321' title='bbox 379 3382 532 3420; x_wconf 81' lang='lat' dir='ltr'><em>Necnon</em></span> <span class='ocrx_word' id='word_1_322' title='bbox 560 3383 775 3421; x_wconf 89' lang='lat' dir='ltr'>interlined</span> <span class='ocrx_word' id='word_1_323' title='bbox 796 3384 876 3421; x_wconf 87' lang='lat' dir='ltr'>and</span> <span class='ocrx_word' id='word_1_324' title='bbox 895 3384 1112 3423; x_wconf 87' lang='lat' dir='ltr'>cancelled.</span> 
     </span>
    </p>
   </div>
   <div class='ocr_carea' id='block_1_11' title="bbox 236 3452 2288 3814">
    <p class='ocr_par' dir='ltr' id='par_1_25' title="bbox 236 3452 2288 3814">
     <span class='ocr_line' id='line_1_47' title="bbox 340 3452 2282 3504; baseline 0 -14"><span class='ocrx_word' id='word_1_325' title='bbox 340 3452 353 3477; x_wconf 88' lang='lat'>¹</span> <span class='ocrx_word' id='word_1_326' title='bbox 381 3452 470 3491; x_wconf 86' lang='lat' dir='ltr'>The</span> <span class='ocrx_word' id='word_1_327' title='bbox 495 3465 698 3491; x_wconf 89' lang='lat' dir='ltr'>surnames</span> <span class='ocrx_word' id='word_1_328' title='bbox 727 3453 768 3490; x_wconf 83' lang='lat' dir='ltr'>of</span> <span class='ocrx_word' id='word_1_329' title='bbox 794 3454 861 3491; x_wconf 90' lang='lat' dir='ltr'>the</span> <span class='ocrx_word' id='word_1_330' title='bbox 891 3455 1033 3492; x_wconf 89' lang='lat' dir='ltr'>monks</span> <span class='ocrx_word' id='word_1_331' title='bbox 1061 3468 1126 3492; x_wconf 86' lang='lat' dir='ltr'>are</span> <span class='ocrx_word' id='word_1_332' title='bbox 1154 3454 1209 3492; x_wconf 90' lang='lat' dir='ltr'>all</span> <span class='ocrx_word' id='word_1_333' title='bbox 1237 3455 1519 3504; x_wconf 81' lang='lat' dir='ltr'>place-names.</span> <span class='ocrx_word' id='word_1_334' title='bbox 1576 3452 1662 3492; x_wconf 88' lang='lat' dir='ltr'>The</span> <span class='ocrx_word' id='word_1_335' title='bbox 1682 3454 1802 3492; x_wconf 80' lang='lat' dir='ltr'>abbot</span> <span class='ocrx_word' id='word_1_336' title='bbox 1823 3466 1913 3503; x_wconf 88' lang='lat' dir='ltr'>may</span> <span class='ocrx_word' id='word_1_337' title='bbox 1932 3453 2033 3491; x_wconf 87' lang='lat' dir='ltr'>have</span> <span class='ocrx_word' id='word_1_338' title='bbox 2052 3466 2162 3491; x_wconf 86' lang='lat' dir='ltr'>come</span> <span class='ocrx_word' id='word_1_339' title='bbox 2182 3452 2282 3490; x_wconf 88' lang='lat' dir='ltr'>from</span> 
     </span>
     <span class='ocr_line' id='line_1_48' title="bbox 238 3503 2283 3556; baseline -0.001 -14"><span class='ocrx_word' id='word_1_340' title='bbox 238 3504 513 3554; x_wconf 80' lang='lat' dir='ltr'>Quenington,</span> <span class='ocrx_word' id='word_1_341' title='bbox 535 3503 741 3551; x_wconf 68' lang='lat' dir='ltr'>Glouces„</span> <span class='ocrx_word' id='word_1_342' title='bbox 762 3518 855 3543; x_wconf 88' lang='lat' dir='ltr'>near</span> <span class='ocrx_word' id='word_1_343' title='bbox 875 3505 1056 3543; x_wconf 82' lang='lat' dir='ltr'>Fairford</span> <span class='ocrx_word' id='word_1_344' title='bbox 1074 3518 1082 3553; x_wconf 84' lang='lat'><em>3</em></span> <span class='ocrx_word' id='word_1_345' title='bbox 1110 3507 1181 3544; x_wconf 83' lang='lat' dir='ltr'>but</span> <span class='ocrx_word' id='word_1_346' title='bbox 1202 3506 1417 3556; x_wconf 77' lang='lat' dir='ltr'>Quainton,</span> <span class='ocrx_word' id='word_1_347' title='bbox 1438 3506 1601 3552; x_wconf 87' lang='lat' dir='ltr'>Bucks.‚</span> <span class='ocrx_word' id='word_1_348' title='bbox 1623 3506 1703 3543; x_wconf 87' lang='lat' dir='ltr'>and</span> <span class='ocrx_word' id='word_1_349' title='bbox 1728 3505 1798 3542; x_wconf 83' lang='lat' dir='ltr'>the</span> <span class='ocrx_word' id='word_1_350' title='bbox 1826 3506 1984 3542; x_wconf 82' lang='lat' dir='ltr'>various</span> <span class='ocrx_word' id='word_1_351' title='bbox 2014 3504 2214 3554; x_wconf 73' lang='lat' dir='ltr'>Quintons</span> <span class='ocrx_word' id='word_1_352' title='bbox 2242 3503 2283 3540; x_wconf 89' lang='lat' dir='ltr'>in</span> 
     </span>
     <span class='ocr_line' id='line_1_49' title="bbox 239 3555 2282 3606; baseline -0.001 -12"><span class='ocrx_word' id='word_1_353' title='bbox 239 3555 440 3600; x_wconf 85' lang='lat' dir='ltr'>Glouces.,</span> <span class='ocrx_word' id='word_1_354' title='bbox 469 3555 723 3599; x_wconf 61' lang='lat' dir='ltr'>Northants„</span> <span class='ocrx_word' id='word_1_355' title='bbox 753 3556 830 3593; x_wconf 87' lang='lat' dir='ltr'>and</span> <span class='ocrx_word' id='word_1_356' title='bbox 861 3556 1046 3602; x_wconf 86' lang='lat' dir='ltr'>Worces.‚</span> <span class='ocrx_word' id='word_1_357' title='bbox 1076 3570 1140 3595; x_wconf 90' lang='lat' dir='ltr'>are</span> <span class='ocrx_word' id='word_1_358' title='bbox 1170 3558 1236 3595; x_wconf 86' lang='lat' dir='ltr'>the</span> <span class='ocrx_word' id='word_1_359' title='bbox 1269 3571 1376 3596; x_wconf 86' lang='lat' dir='ltr'>same</span> <span class='ocrx_word' id='word_1_360' title='bbox 1405 3570 1538 3596; x_wconf 88' lang='lat' dir='ltr'>name.</span> <span class='ocrx_word' id='word_1_361' title='bbox 1592 3556 1679 3595; x_wconf 91' lang='lat' dir='ltr'>The</span> <span class='ocrx_word' id='word_1_362' title='bbox 1707 3557 1814 3606; x_wconf 88' lang='lat' dir='ltr'>prior</span> <span class='ocrx_word' id='word_1_363' title='bbox 1834 3556 1912 3594; x_wconf 85' lang='lat' dir='ltr'>and</span> <span class='ocrx_word' id='word_1_364' title='bbox 1939 3555 2014 3593; x_wconf 89' lang='lat' dir='ltr'>five</span> <span class='ocrx_word' id='word_1_365' title='bbox 2035 3556 2169 3594; x_wconf 88' lang='lat' dir='ltr'>others</span> <span class='ocrx_word' id='word_1_366' title='bbox 2187 3556 2282 3592; x_wconf 89' lang='lat' dir='ltr'>bore</span> 
     </span>
     <span class='ocr_line' id='line_1_50' title="bbox 238 3606 2287 3657; baseline -0.001 -11"><span class='ocrx_word' id='word_1_367' title='bbox 238 3606 501 3646; x_wconf 77' lang='lat' dir='ltr'>Oxfordshire</span> <span class='ocrx_word' id='word_1_368' title='bbox 529 3619 676 3654; x_wconf 89' lang='lat' dir='ltr'>names,</span> <span class='ocrx_word' id='word_1_369' title='bbox 696 3606 863 3654; x_wconf 83' lang='lat' dir='ltr'>Oxford,</span> <span class='ocrx_word' id='word_1_370' title='bbox 882 3607 1141 3655; x_wconf 89' lang='lat' dir='ltr'>Woodstock,</span> <span class='ocrx_word' id='word_1_371' title='bbox 1161 3608 1380 3657; x_wconf 66' lang='lat' dir='ltr'>Eynshzxm,</span> <span class='ocrx_word' id='word_1_372' title='bbox 1405 3607 1721 3656; x_wconf 75' lang='lat' dir='ltr'>Handborough,</span> <span class='ocrx_word' id='word_1_373' title='bbox 1740 3607 1989 3645; x_wconf 88' lang='lat' dir='ltr'>Ambrosden</span> <span class='ocrx_word' id='word_1_374' title='bbox 2020 3607 2098 3644; x_wconf 87' lang='lat' dir='ltr'>and</span> <span class='ocrx_word' id='word_1_375' title='bbox 2127 3606 2287 3644; x_wconf 86' lang='lat' dir='ltr'>Bletch-</span> 
     </span>
     <span class='ocr_line' id='line_1_51' title="bbox 236 3656 2288 3709; baseline -0.001 -13"><span class='ocrx_word' id='word_1_376' title='bbox 236 3658 401 3708; x_wconf 84' lang='lat' dir='ltr'>ingdon.</span> <span class='ocrx_word' id='word_1_377' title='bbox 458 3657 758 3705; x_wconf 82' lang='lat' dir='ltr'>Wincheombe,</span> <span class='ocrx_word' id='word_1_378' title='bbox 778 3658 980 3705; x_wconf 85' lang='lat' dir='ltr'>Glouces.‚</span> <span class='ocrx_word' id='word_1_379' title='bbox 1003 3659 1286 3709; x_wconf 85' lang='lat' dir='ltr'>Malmesbury,</span> <span class='ocrx_word' id='word_1_380' title='bbox 1305 3659 1453 3706; x_wconf 63' lang='lat' dir='ltr'>Wilts„</span> <span class='ocrx_word' id='word_1_381' title='bbox 1475 3659 1552 3697; x_wconf 90' lang='lat' dir='ltr'>and</span> <span class='ocrx_word' id='word_1_382' title='bbox 1578 3658 1808 3708; x_wconf 81' lang='lat' dir='ltr'>Abingdon,</span> <span class='ocrx_word' id='word_1_383' title='bbox 1829 3658 1983 3704; x_wconf 87' lang='lat' dir='ltr'>Berks.,</span> <span class='ocrx_word' id='word_1_384' title='bbox 2000 3670 2102 3696; x_wconf 85' lang='lat' dir='ltr'>were</span> <span class='ocrx_word' id='word_1_385' title='bbox 2121 3667 2226 3695; x_wconf 84' lang='lat' dir='ltr'>seats</span> <span class='ocrx_word' id='word_1_386' title='bbox 2245 3656 2288 3694; x_wconf 80' lang='lat' dir='ltr'>of</span> 
     </span>
     <span class='ocr_line' id='line_1_52' title="bbox 236 3708 2286 3760; baseline -0 -13"><span class='ocrx_word' id='word_1_387' title='bbox 236 3710 453 3759; x_wconf 85' lang='lat' dir='ltr'>important</span> <span class='ocrx_word' id='word_1_388' title='bbox 479 3708 740 3747; x_wconf 75' lang='lat' dir='ltr'>Benedictine</span> <span class='ocrx_word' id='word_1_389' title='bbox 767 3710 931 3760; x_wconf 87' lang='lat' dir='ltr'>abbeys‚</span> <span class='ocrx_word' id='word_1_390' title='bbox 950 3710 1028 3748; x_wconf 88' lang='lat' dir='ltr'>and</span> <span class='ocrx_word' id='word_1_391' title='bbox 1057 3710 1339 3760; x_wconf 73' lang='lat' dir='ltr'>Bengewonh,</span> <span class='ocrx_word' id='word_1_392' title='bbox 1357 3710 1547 3755; x_wconf 81' lang='lat' dir='ltr'>Worees.‚</span> <span class='ocrx_word' id='word_1_393' title='bbox 1565 3711 1597 3748; x_wconf 86' lang='lat' dir='ltr'>is</span> <span class='ocrx_word' id='word_1_394' title='bbox 1616 3723 1638 3747; x_wconf 86' lang='lat' dir='ltr'>a</span> <span class='ocrx_word' id='word_1_395' title='bbox 1656 3710 1807 3748; x_wconf 87' lang='lat' dir='ltr'>suburb</span> <span class='ocrx_word' id='word_1_396' title='bbox 1825 3709 1868 3747; x_wconf 84' lang='lat' dir='ltr'>of</span> <span class='ocrx_word' id='word_1_397' title='bbox 1885 3709 2096 3754; x_wconf 82' lang='lat' dir='ltr'>Evesham‚</span> <span class='ocrx_word' id='word_1_398' title='bbox 2115 3708 2286 3747; x_wconf 77' lang='lat' dir='ltr'>another</span> 
     </span>
     <span class='ocr_line' id='line_1_53' title="bbox 237 3759 2282 3814; baseline 0 -16"><span class='ocrx_word' id='word_1_399' title='bbox 237 3771 352 3811; x_wconf 81' lang='lat' dir='ltr'>great</span> <span class='ocrx_word' id='word_1_400' title='bbox 381 3759 644 3799; x_wconf 78' lang='lat' dir='ltr'>Benedictine</span> <span class='ocrx_word' id='word_1_401' title='bbox 672 3770 821 3799; x_wconf 89' lang='lat' dir='ltr'>centre.</span> <span class='ocrx_word' id='word_1_402' title='bbox 877 3761 1017 3799; x_wconf 88' lang='lat' dir='ltr'>Stonle</span> <span class='ocrx_word' id='word_1_403' title='bbox 1047 3761 1080 3800; x_wconf 87' lang='lat' dir='ltr'>is</span> <span class='ocrx_word' id='word_1_404' title='bbox 1108 3762 1302 3814; x_wconf 86' lang='lat' dir='ltr'>probably</span> <span class='ocrx_word' id='word_1_405' title='bbox 1332 3761 1581 3813; x_wconf 83' lang='lat' dir='ltr'>Stoneleigh‚</span> <span class='ocrx_word' id='word_1_406' title='bbox 1601 3761 1842 3810; x_wconf 85' lang='lat' dir='ltr'>Warwicks.‚</span> <span class='ocrx_word' id='word_1_407' title='bbox 1859 3761 1987 3799; x_wconf 87' lang='lat' dir='ltr'>where</span> <span class='ocrx_word' id='word_1_408' title='bbox 2015 3761 2127 3800; x_wconf 86' lang='lat' dir='ltr'>there</span> <span class='ocrx_word' id='word_1_409' title='bbox 2154 3773 2233 3799; x_wconf 82' lang='lat' dir='ltr'>was</span> <span class='ocrx_word' id='word_1_410' title='bbox 2258 3773 2282 3798; x_wconf 88' lang='lat' dir='ltr'>a</span> 
     </span>
    </p>
   </div>
  </div>
 </body>
</html>
