2488 4296
289 408 407 465 215
743 390 1232 449 ALNWICK’s
1314 390 1879 450 VISITATIONS

287 549 514 607 personis
557 548 803 605 corrodia,
843 548 1091 605 liberataS,
1132 549 1431 608 pensiones,¹
1472 549 1752 595 annuitates
1795 549 1860 595 ad
1903 550 2169 595 terminum
2213 551 2326 608 vite,

286 613 653 671 imperpetuum
698 612 777 658 vel
820 611 886 657 ad
929 614 1120 658 certum
1164 615 1375 671 tempus,
1416 613 1606 674 absque
1651 615 1820 658 nostra
1864 613 1942 658 vel
1986 627 2328 660 successorum

285 678 567 721 nostrorum
598 675 1023 721 Lincolniensium
1051 676 1401 735 episcoporum
1425 675 1621 721 licencia
1640 677 1795 736 petita
1812 678 2040 736 primitus
2058 679 2107 722 et
2125 677 2330 723 obtenta

285 741 335 784 et
370 740 529 785 eciam
568 739 632 784 de
669 753 907 798 expresso
945 754 1165 785 consensu
1202 743 1477 785 conuentus
1501 739 1621 786 dicti
1646 741 1932 786 monasterii
1955 740 2034 786 vel
2058 741 2257 786 maioris
2281 743 2330 786 et

287 803 496 848 sanioris
519 803 673 862 partis
698 802 935 859 eiusdem,
955 803 1132 864 quouis
1150 804 1345 864 quesito
1363 803 1531 849 colore
1549 803 1790 859 vendatis,
1811 804 2021 857 donetiS,
2041 803 2331 849 concedatis

285 866 364 911 vel
387 866 650 924 assignetis
673 884 682 922 ;
719 881 812 911 nec
836 866 994 912 eciam
1019 880 1224 912 nemora
1247 865 1369 912 dicti
1394 868 1680 912 monasterii
1704 868 1906 928 antiqua
1929 870 1978 912 et
2001 881 2100 912 non
2127 867 2328 913 scedua²

285 929 514 975 vendatis
536 929 615 975 vel
648 930 874 975 alienetis
911 944 1004 975 nec
1039 930 1197 975 eciam
1234 931 1560 989 prosternatis
1596 932 1679 975 aut
1715 931 1996 986 succidatis,
2022 931 2114 975 nisi
2138 933 2329 976 tantum

286 993 350 1038 ad
388 994 735 1052 reparaciones
773 994 1089 1048 necessarias,
1126 993 1192 1038 et⁸
1225 994 1323 1039 hoc
1360 997 1518 1039 tamen
1554 993 1618 1039 de
1653 994 1760 1039 visu
1796 997 1846 1039 et
1880 1009 2085 1039 assensu
2120 995 2329 1040 sanioris

282 1058 436 1115 partis
460 1059 737 1102 conuentus
770 1057 1018 1116 predicti;
1054 1056 1290 1118 quodque
1331 1071 1423 1102 nec
1459 1058 1727 1118 quenpiam
1764 1060 2050 1103 extraneum
2077 1057 2141 1104 de
2166 1057 2329 1103 bonis⁴

285 1121 633 1166 communibus
657 1121 942 1166 monasterii
962 1122 1248 1166 sustentetis
1266 1123 1349 1166 aut
1367 1121 1464 1176 tali,
1482 1121 1625 1166 aliter
1642 1135 1787 1180 quam
1812 1124 1857 1166 vt
1881 1120 2047 1180 hospiti
2065 1122 2330 1167 transeunti

282 1184 566 1229 alimoniam
592 1183 656 1229 de
681 1184 896 1229 hiisdem
919 1185 1064 1229 bonis
1088 1184 1420 1245 quouismodo
1440 1185 1727 1230 ministretis
1745 1199 1832 1230 seu
1851 1185 2115 1230 ministrari
2134 1184 2327 1230 faciatis
2362 1238 2366 1242 ¹

283 1251 366 1292 aut
389 1248 702 1306 permittatis,
728 1248 820 1293 nisi
844 1249 894 1292 in
930 1247 1028 1293 hoc
1064 1249 1206 1293 aliter
1243 1249 1587 1307 processeritis
1623 1248 1686 1293 de
1723 1262 1960 1307 expresso
1995 1262 2243 1293 consensu
2278 1251 2329 1293 et

281 1325 487 1356 assensu
511 1314 787 1357 conuentus
811 1310 1024 1370 predicti
1047 1315 1131 1357 aut
1154 1312 1364 1357 sanioris
1387 1314 1437 1357 et
1461 1313 1661 1358 maioris
1684 1313 1838 1370 partis
1861 1311 2098 1357 eiusdem.

415 1375 541 1420 Item
574 1375 876 1433 iniungimus
912 1378 962 1420 et
999 1375 1293 1420 nrandamus
1332 1377 1382 1420 in
1422 1376 1602 1421 virtute
1641 1375 1939 1421 obediencie
1978 1378 2027 1420 et
2067 1375 2158 1420 sub
2197 1389 2327 1434 pena

283 1441 603 1497 contemptus
626 1440 690 1494 vt,
716 1439 756 1484 si
780 1439 890 1500 quis
913 1439 1189 1485 monachus
1225 1439 1464 1498 deinceps
1501 1439 1567 1485 ob
1601 1453 1774 1484 causas
1806 1439 2052 1498 legitimas
2074 1453 2104 1484 a
2127 1439 2328 1500 sequela

280 1502 422 1548 chori
466 1504 777 1558 exoneretur,
820 1517 912 1561 pro
952 1502 1038 1547 tali
1080 1503 1445 1548 exoneracione
1485 1502 1639 1548 nichil
1673 1503 1859 1562 penitus
1898 1517 1988 1562 per
2040 1503 2326 1563 quempiam

283 1567 521 1625 exigatur,
547 1580 640 1612 nec
665 1566 772 1625 ipse
797 1567 868 1612 sic
892 1566 1207 1611 exoneratus5
1239 1567 1490 1626 particeps
1525 1566 1703 1612 horum
1727 1568 1906 1612 existat
1929 1581 2026 1627 que
2050 1565 2328 1612 monachis⁶

282 1630 492 1675 chorum
516 1630 838 1691 sequentibus
873 1644 932 1675 ac
956 1630 1122 1675 obitus
1146 1633 1195 1675 et
1219 1631 1464 1676 cantarias
1490 1630 1859 1676 celebrantibus
1881 1631 2207 1689 assignantur,
2232 1630 2327 1675 nisi

283 1694 425 1739 aliter
449 1693 513 1739 de
537 1694 760 1738 omnium
783 1695 1086 1753 processerit
1108 1694 1377 1740 voluntate.

413 1757 540 1802 Item
578 1758 880 1816 iniungimus
917 1757 1060 1803 vobis
1097 1760 1146 1803 et
1182 1757 1405 1817 singulis⁶
1442 1758 1493 1802 in
1529 1758 1710 1803 virtute
1747 1759 1918 1803 sancte
1955 1756 2252 1803 obediencie
2274 1759 2326 1803 vt

284 1821 463 1879 singuli
487 1823 705 1866 vestrum
729 1820 1035 1866 confratrum
1069 1823 1226 1867 totum
1263 1821 1512 1881 peculium
1546 1823 1764 1867 vestrum
1797 1820 1952 1882 quod⁷
1986 1820 2051 1867 de
2083 1821 2327 1880 permissu

283 1885 480 1930 abbatis
525 1884 794 1943 possidetis
839 1884 993 1930 semel
1038 1885 1089 1930 in
1128 1900 1275 1942 anno,
1317 1885 1552 1931 videlicet
1591 1886 1720 1930 inter
1765 1884 2069 1930 dominicam
2115 1885 2327 1943 primam

283 1948 665 2010 quadragesime
722 1951 772 1994 et
817 1947 1120 1994 dominicam
1176 1950 1226 1994 in
1283 1949 1473 2008 palmis,
1522 1948 1787 1994 oculariter
1843 1948 2021 2008 absque
2074 1948 2215 1993 vilius
2258 1949 2328 1993 rei

283 2011 603 2057 concelacione
640 2011 810 2057 abbati
845 2011 1122 2057 ostendatis
1159 2016 1209 2058 et
1246 2013 1437 2072 integre
1483 2011 1819 2058 confiteamini
1856 2013 2022 2059 eidem
2054 2030 2062 2069 3
2120 2026 2324 2072 vosque,

281 2075 446 2131 abba,⁶
468 2075 648 2121 eodem
671 2078 900 2135 tempore
924 2075 1190 2134 diligenter
1224 2078 1273 2122 et
1308 2078 1481 2122 exacte
1516 2077 1802 2122 scrutemini
1838 2091 1900 2121 ne
1933 2076 2044 2137 quis
2077 2077 2205 2121 inter
2237 2090 2326 2121 vos

282 2140 639 2199 proprietarius
675 2140 889 2194 existat;
939 2140 1157 2199 quodque
1190 2139 1352 2185 nullus
1384 2139 1721 2185 canonicorum
1754 2139 1890 2196 solus,
1925 2141 2005 2185 sed
2027 2140 2077 2184 in
2101 2140 2325 2184 comitiua

283 2203 473 2249 honesta
513 2206 554 2248 et
590 2203 648 2248 de
681 2203 877 2248 licencia
906 2203 1183 2263 presidentis
1209 2205 1357 2263 petita
1391 2207 1431 2249 el
1465 2203 1673 2249 obtenta⁸
1693 2204 1846 2249 extra⁹
1878 2207 2003 2263 septa
2038 2203 2323 2259 monasterii,

283 2282 363 2312 nec
398 2267 653 2326 quicquam
678 2267 793 2313 doni
815 2266 886 2311 vel
911 2268 1120 2312 muneris
1142 2282 1173 2312 a
1198 2282 1438 2327 quoquam
1463 2267 1555 2312 nisi
1573 2268 1630 2312 de
1652 2267 1850 2312 sciencia
1884 2271 1925 2312 et
1958 2266 2154 2312 licencia
2188 2268 2326 2312 vestri

282 2330 471 2375 abbatis
510 2330 703 2390 recipiat
727 2333 812 2376 aut
847 2330 1036 2387 mittat;
1089 2329 1176 2376 et¹⁰
1209 2332 1259 2376 in
1294 2331 1471 2376 horum
1505 2331 1673 2392 aliquo
1706 2345 1844 2376 reum
1868 2333 2121 2390 repertum
2143 2331 2324 2376 acriter

283 2394 559 2439 secundum
604 2394 826 2453 regulam
870 2395 1133 2454 corrigatis
1177 2410 1254 2440 vos
1298 2394 1451 2440 abbas
1490 2394 1778 2454 predictus,¹¹
1821 2397 1873 2440 vt
1921 2396 1983 2440 sit
2027 2394 2240 2454 posteris
2274 2394 2325 2439 in

284 2458 582 2517 exemplum.

413 2521 573 2567 Item¹²
596 2523 723 2581 qnod
760 2522 978 2567 canonici
1016 2522 1066 2567 in
1107 2522 1474 2568 minucionibus
1512 2523 1748 2568 existentes
1785 2525 1827 2568 et
1859 2522 1950 2567 alii
1987 2523 2038 2568 et
2070 2522 2120 2567 in
2154 2535 2325 2567 mensa

282 2586 433 2631 vestri
477 2585 675 2631 abbatis
718 2600 769 2631 eo
812 2589 854 2631 ei
898 2585 1063 2645 aliquo
1107 2585 1243 2632 ali01³
1265 2589 1492 2646 tempore
1527 2584 1749 2643 stantes,¹⁴
1771 2587 1811 2631 si
1837 2600 1936 2631 non
1973 2587 2023 2631 in
2047 2587 2212 2630 vestra
2234 2585 2324 2630 sed

283 2652 513 2709 separata
551 2650 760 2695 sedeant
796 2664 981 2705 mensa,
1020 2663 1120 2695 non
1157 2665 1270 2695 cum
1308 2650 1613 2696 secularibus
1649 2649 1740 2695 sed
1777 2649 1868 2695 soli
1905 2649 2223 2709 deputentur,
2261 2663 2325 2694 ne

284 2713 579 2759 secularium
623 2712 873 2774 colloquia
911 2716 1074 2773 praua
1120 2713 1466 2772 religiosorum
1510 2713 1666 2759 corda
1715 2712 1938 2760 inficiant
1990 2712 2322 2766 immutent¹⁵;

283 2776 519 2838 quodque
556 2791 705 2822 canes
741 2777 825 2838 qui
863 2777 913 2821 in
949 2778 1267 2834 monasterio,
1304 2780 1357 2822 vt
1391 2778 1690 2836 accepimus,
1715 2777 1766 2822 in
1790 2775 2144 2822 multitudine16
2164 2775 2324 2822 inutili

283 2843 398 2885 sunt
420 2843 471 2886 et
494 2840 817 2886 elemosinam
841 2843 1140 2886 consumunt
1163 2855 1192 2886 a
1215 2842 1520 2887 monasterio
1543 2842 1742 2900 penitus
1765 2841 2094 2887 eliminentur.

386 2950 396 2973 ¹
425 2964 558 2989 annue
576 2952 801 2990 cancelled:
831 2953 895 2990 vel
918 2951 1096 2990 omitted.

382 3001 399 3024 2
425 3001 515 3040 Sic:
543 3003 603 3039 for
627 3002 756 3040 cedua.

382 3053 398 3076 ⁸
424 3055 469 3091 de
487 3054 699 3092 cancelled.

383 3104 399 3127 ⁴
423 3105 651 3143 comunibus
669 3106 882 3144 cancelled.

384 3156 398 3178 ⁵
419 3156 554 3206 percip
570 3157 783 3195 cancelled.

383 3206 400 3230 ⁰
426 3207 504 3245 Sic.

383 3258 399 3284 7
424 3272 489 3297 vos
506 3259 721 3298 cancelled.

383 3310 399 3334 ⁸
424 3316 462 3349 et
489 3337 497 3348 .
529 3338 537 3349 .
569 3337 578 3347 .
608 3312 759 3349 obtenta
777 3311 906 3349 added
926 3311 966 3350 in
986 3313 1148 3361 margin.

382 3362 399 3385 ⁹
425 3361 513 3400 Sic:
540 3367 652 3400 exeat
668 3363 700 3401 is
719 3363 881 3401 needed.

367 3413 398 3437 ¹⁰
423 3416 460 3451 si
476 3414 692 3452 cancelled.

367 3465 394 3488 Π
423 3465 567 3504 Added
586 3465 627 3503 in
645 3464 811 3514 margin.

367 3515 398 3540 ¹2
425 3516 604 3555 monachi
620 3517 834 3555 cancelled.

367 3567 396 3591 ¹³
424 3568 640 3606 Interlined
658 3568 783 3606 above
801 3581 839 3606 eo
859 3567 1071 3606 cancelled.

366 3618 395 3643 ²⁴
424 3619 640 3658 Interlined
658 3620 784 3658 above
801 3621 1004 3658 existentes
1021 3619 1234 3658 cancelled.

365 3669 395 3694 ¹⁶
422 3670 512 3709 Sic:
541 3673 753 3709 immutent
770 3683 848 3709 was
866 3671 1057 3721 probably
1077 3680 1207 3709 meant
1226 3676 1266 3708 to
1286 3671 1334 3709 be
1353 3670 1564 3708 cancelled.

365 3721 395 3744 ¹⁶
421 3727 515 3760 sunt
532 3723 747 3761 cancelled.

376 3811 387 3836 ²
416 3813 607 3854 Founded
627 3826 678 3850 on
712 3813 813 3866 John
845 3812 1133 3866 Sadyngtone’s
1151 3812 1252 3859 fifth,
1274 3811 1610 3863 Wykyngstone's
1629 3811 1748 3857 εἰκὼ,
1772 3811 1961 3863 Gysley’s
1984 3811 2147 3856 seccnd,
2177 3809 2330 3850 Coven-
