2476 4412
299 490 336 542 6
749 483 1241 543 ALNWICK'S
1325 480 1893 539 VISITATIONS

295 645 437 701 pater
459 643 511 688 in
535 642 820 689 huiusmodi
843 656 931 688 sue
949 641 1253 687 visitacionis
1276 640 1491 699 negocio
1516 638 1816 685 iudicialiter
1839 638 2062 695 sedebat,
2087 641 2138 685 et
2161 637 2347 686 deinde

296 706 584 765 priorissam
623 709 674 752 et
712 709 1016 752 conuentum
1056 704 1177 749 dicti
1216 704 1315 749 loci
1356 717 1527 749 coram
1565 717 1619 748 se
1659 703 1860 748 euocari
1901 702 2159 747 mandauit
2190 719 2199 759 ;
2247 717 2346 764 que

296 782 471 815 omnes
494 783 663 814 coram
687 784 749 815 eo
772 769 1100 828 personaliter
1133 769 1532 826 comparuerunt.
1602 765 1793 824 Quibus
1827 766 1899 811 sic
1933 766 2340 825 comparentibus

294 831 431 878 idem
455 833 759 878 reuerendus
783 836 937 891 pater,
963 832 1172 876 recitato
1196 845 1285 890 per
1309 844 1422 875 eum
1446 843 1686 888 processu
1708 843 1798 888 per
1823 843 1935 874 eum
1969 829 2020 874 in
2055 829 2346 875 huiusmodi

295 896 508 954 negocio
544 896 680 955 prius
716 896 889 941 habito
925 898 976 940 et
1010 894 1146 940 facto
1183 897 1232 939 et
1270 893 1429 938 eciam
1465 893 1847 938 continuacione
1879 892 2184 938 visitacionis
2218 893 2344 939 eius-

299 958 414 1004 dem
452 963 501 1004 et
537 973 627 1018 per
658 959 860 1004 easdem
894 957 1135 1004 moniales
1172 956 1455 1015 recognitis,
1493 957 1662 1002 omnia
1695 956 1895 1002 detecta
1929 955 1993 1001 de
2027 956 2264 1015 priorissa
2299 958 2349 1002 et

301 1021 432 1067 eaml
486 1023 750 1081 tangencia
794 1022 958 1067 eidem
1005 1021 1241 1080 priorisse
1294 1019 1593 1065 articulatim
1648 1020 1836 1065 obiecit
1887 1021 1936 1065 et
1979 1019 2346 1066 articulabatur.

302 1085 410 1143 Que
454 1085 658 1147 quidem
702 1086 902 1131 obiecta
945 1085 1163 1146 quedam
1202 1083 1437 1129 videlicet
1482 1082 1661 1129 eadem
1705 1083 1943 1142 priorissa
1996 1082 2245 1128 fatebatur
2299 1085 2351 1129 et

296 1148 514 1209 quedam
554 1149 768 1208 negauit,
815 1155 964 1208 prout
997 1149 1048 1193 in
1082 1147 1181 1193 fine
1215 1146 1479 1193 cuiuslibet
1512 1146 1706 1192 articuli
1740 1146 2085 1203 conscribitur,
2117 1150 2168 1192 et
2200 1161 2350 1206 super

295 1213 500 1271 negatis,
547 1215 791 1273 quatenus
836 1211 1258 1270 dilapidacionem
1289 1213 1599 1256 concernunt
1633 1213 1682 1256 et
1717 1211 1789 1256 sic
1823 1209 2167 1270 priuacionem
2205 1210 2347 1255 indu·

295 1278 426 1331 cunt,
452 1275 684 1321 dominus
708 1275 933 1321 decreuit
955 1275 1064 1321 fore
1087 1274 1455 1335 inquirendum,
1480 1274 1589 1333 ipsa
1612 1274 1850 1333 priorissa
1882 1276 1933 1319 et
1965 1273 2076 1319 aliis
2108 1273 2351 1319 vocandis

293 1338 359 1383 ad
415 1338 512 1384 hoc
567 1340 770 1395 vocatis,
819 1341 1070 1384 reseruata
1114 1338 1205 1383 sibi
1258 1340 1508 1397 potestate
1551 1337 1863 1397 procedendi
1919 1340 2094 1383 contra
2140 1351 2253 1383 eam
2297 1338 2349 1383 in

292 1403 472 1447 ceteris
525 1402 661 1447 iuxta
715 1416 955 1461 responsa
1009 1416 1098 1447 sua
1152 1404 1202 1447 et
1255 1415 1547 1461 processum
1602 1415 1751 1461 super
1806 1402 1879 1447 eis
1933 1401 2174 1446 habitum.
2279 1401 2346 1446 Et

291 1465 407 1526 quia
438 1467 549 1524 ipsa
581 1466 818 1524 priorissa
853 1465 1253 1527 conquerebatur
1291 1465 1355 1511 de
1391 1479 1563 1510 sorore
1601 1465 1852 1524 Margeria
1889 1464 2138 1525 Kyrkeby,
2177 1463 2245 1510 de
2285 1478 2348 1524 eo

300 1528 437 1589 quod
470 1533 699 1575 vocasset
730 1530 890 1589 ipsam
924 1530 1214 1589 priorissam
1248 1528 1423 1586 furem,
1448 1529 1558 1588 ipsa
1593 1528 1844 1588 Margeria
1877 1542 2027 1588 super
2050 1527 2148 1574 hoc
2171 1527 2345 1574 iudiCi-

301 1592 444 1638 aliter
468 1593 694 1652 impetita
718 1594 918 1652 negauit
942 1607 1178 1652 expresse
1201 1593 1456 1639 obiectum
1480 1595 1529 1638 et
1553 1591 1619 1638 de
1641 1606 1704 1638 eo
1722 1591 1828 1638 sola
1851 1606 2001 1637 manu
2024 1606 2077 1638 se
2100 1592 2344 1651 purgauit.

301 1655 673 1718 Subsequenter
705 1658 821 1718 quia
854 1657 1091 1716 priorissa
1123 1656 1376 1713 fatebatur
1406 1669 1460 1701 se
1493 1670 1523 1702 a
1557 1655 1656 1712 diu,
1682 1656 1842 1702 eciam
1872 1670 1962 1715 per
1986 1655 2095 1702 dies
2118 1657 2167 1701 et
2189 1669 2348 1701 annos

294 1719 534 1778 plurimos
570 1719 805 1766 habuisse
841 1722 891 1765 in
929 1720 1158 1767 custodia
1193 1721 1267 1765 sui
1305 1720 1457 1766 solius
1494 1720 1711 1778 sigillum
1747 1733 2014 1766 commune
2047 1733 2108 1765 ac
2130 1718 2345 1779 plurima

292 1783 451 1828 eciam
474 1784 614 1846 quasi
634 1785 801 1829 omnia
819 1785 1128 1829 munimenta
1147 1784 1339 1840 domus,
1359 1784 1592 1829 dominus
1618 1783 1871 1830 ordinauit
1894 1782 2033 1844 quod
2057 1782 2154 1829 hec
2177 1783 2346 1828 omnia

294 1847 346 1891 in
369 1861 466 1892 vna
489 1847 613 1892 cista
637 1847 729 1892 sub
754 1847 947 1893 duabus
971 1848 1166 1904 seruris,
1193 1862 1402 1909 quarum
1427 1847 1642 1893 clauium
1664 1861 1812 1892 vnam
1844 1847 2082 1907 priorissa
2115 1849 2166 1892 et
2198 1845 2347 1892 aliam

293 1923 384 1968 per
418 1910 664 1957 sororem²
699 1911 948 1971 Margeria
984 1911 1234 1972 Kyrkeby,
1270 1925 1360 1970 per
1395 1915 1700 1957 conuentum
1732 1910 1799 1956 ad
1833 1911 1932 1956 hoc
1955 1910 2128 1968 electa,
2153 1912 2343 1970 gerant,

296 1977 673 2031 conseruentur,
698 1978 749 2020 et
772 1975 909 2036 quod
932 1975 1086 2020 nichil
1110 1989 1224 2020 cum
1249 1975 1386 2020 dicto
1410 1974 1573 2034 sigillo
1597 1974 1839 2033 sigilletur
1863 1975 1958 2020 nisi
1982 1974 2047 2020 de
2071 1973 2345 2020 communi-

293 2040 406 2082 cato
431 2037 647 2083 consilio
671 2042 720 2084 et
744 2053 991 2084 consensu
1014 2039 1223 2084 sanioris
1246 2042 1297 2084 et
1320 2039 1521 2083 maioris
1545 2039 1699 2097 partis
1723 2041 2000 2084 conuentus
2024 2040 2074 2084 et
2106 2039 2158 2083 in
2192 2038 2347 2083 domo

292 2100 566 2160 capitulari,
591 2106 641 2147 et
675 2102 839 2148 donec
862 2102 1185 2161 prouideatur
1210 2102 1275 2147 de
1298 2102 1479 2147 talibus
1502 2102 1684 2147 seruris
1709 2101 1943 2147 dominus
1967 2101 2088 2147 fecit
2117 2100 2209 2162 [fo.
2236 2099 2340 2162 59.]

293 2163 508 2223 sigillum
543 2164 666 2210 illud
703 2179 969 2212 commune
1013 2167 1064 2211 in
1108 2166 1326 2228 quadam
1370 2166 1547 2211 cistula
1590 2179 1745 2225 parua
1789 2165 1882 2210 sub
1927 2165 2090 2224 sigillo
2134 2179 2226 2211 suo
2271 2166 2342 2210 in-

295 2227 442 2273 cludi.
535 2229 600 2273 Et
635 2229 820 2274 deinde
853 2229 989 2275 idem
1020 2230 1326 2275 reuerendus
1349 2232 1490 2288 pater
1524 2230 1717 2274 monuit
1750 2228 1938 2275 dictam
1971 2229 2260 2288 priorissam
2293 2229 2345 2274 in

293 2291 474 2337 virtute
498 2292 794 2338 obediencie
813 2308 900 2339 sue
914 2294 1121 2352 prestite
1140 2292 1277 2354 quod
1296 2307 1493 2339 sorores
1511 2307 1624 2338 suas
1642 2292 1976 2355 quouismodo
1996 2293 2345 2354 delinquentes

290 2354 341 2399 in
359 2355 592 2414 capitulo,
608 2356 754 2401 nullis
771 2357 1089 2402 audientibus
1121 2357 1438 2413 secularibus,
1456 2360 1682 2402 materno
1714 2359 1763 2402 et
1794 2357 1986 2402 sororio
2018 2370 2078 2402 ac
2110 2356 2343 2402 modesto

290 2418 444 2464 modo
468 2423 517 2464 et
540 2419 806 2465 nullatinus
829 2423 1027 2466 austero
1050 2423 1102 2466 vt
1125 2421 1272 2466 solito
1309 2421 1559 2480 corripiat,
1585 2420 1802 2479 corrigat
1824 2423 1875 2466 et
1903 2420 1955 2465 in
1979 2419 2211 2465 omnibus
2234 2419 2344 2465 aliis

290 2480 502 2527 dulciter
545 2485 738 2539 tractet,
779 2484 951 2546 eisque
995 2485 1292 2530 vestimenta
1337 2487 1386 2529 et
1430 2484 1656 2529 habitum
1701 2488 1751 2529 et
1795 2483 2039 2529 lectorum
2074 2486 2344 2543 apparatus

291 2544 629 2607 alimentaque
652 2551 999 2606 competenter
1022 2548 1268 2594 ministret
1301 2550 1351 2593 et
1384 2547 1536 2593 faciat
1558 2548 1839 2593 ministrari.
1931 2547 2151 2592 Iniunxit
2184 2547 2344 2593 eciam

291 2608 496 2667 singulis
532 2611 596 2655 de
633 2614 884 2656 conuentu
920 2612 1012 2657 sub
1048 2626 1180 2671 pena
1215 2611 1632 2657 incarceracionis
1667 2614 1719 2656 vt
1754 2611 1991 2671 priorisse
2024 2611 2076 2656 in
2109 2611 2343 2657 omnibus

287 2670 436 2717 licitis
472 2672 724 2719 humiliter
761 2675 1001 2720 obediant
1037 2679 1087 2720 et
1117 2690 1228 2721 eam
1252 2674 1576 2731 reuerentur,⁸
1598 2677 1649 2720 et
1672 2674 1930 2732 honorem,
1956 2689 2051 2720 nec
2073 2675 2343 2736 quicquam

297 2735 647 2783 inobediencie
691 2741 776 2783 aut
820 2738 1099 2795 dedecoris,
1150 2739 1317 2785 eidem
1371 2739 1761 2784 subministrent.
1847 2739 1914 2783 Et
1968 2739 2085 2800 quia
2138 2739 2344 2784 iuuenes

292 2799 536 2845 moniales
571 2802 831 2860 pecierunt
865 2803 959 2847 sibi
996 2802 1389 2848 informatricem
1424 2803 1475 2847 in
1514 2802 1717 2858 lectura,
1755 2805 1905 2848 cantu
1945 2807 1994 2848 et
2033 2801 2344 2861 regularibus

288 2862 542 2922 assignari,
584 2864 816 2910 dominus
861 2866 927 2911 de
966 2880 1213 2912 consensu
1251 2866 1475 2912 omnium
1513 2866 1787 2925 assignauit
1825 2880 2050 2912 sororem
2093 2865 2339 2926 Julianam

293 2925 627 2986 Messangere,
647 2928 911 2988 iniungens
930 2929 1095 2975 eidem
1112 2934 1164 2975 vt
1187 2930 1462 2975 iniunctum
1482 2944 1607 2975 onus
1624 2928 1851 2989 perficiat
1874 2933 1924 2975 et
1941 2929 2079 2991 quod
2101 2929 2339 2975 informet

291 3002 375 3034 eas
398 2991 620 3036 moribus
644 2992 789 3037 bonis
808 2996 856 3038 et
880 2993 1147 3039 nullatinus
1164 2997 1216 3039 vt
1238 2994 1290 3038 in
1307 2994 1474 3055 aliquo
1498 2993 1825 3039 aduersentur
1847 2994 2098 3053 priorisse.
2158 2993 2339 3038 Postea

290 3052 503 3098 iniunxit
525 3055 760 3113 priorisse
783 3056 834 3101 in
857 3057 1038 3102 virtute
1061 3058 1358 3103 obediencie
1382 3057 1519 3118 quod
1547 3057 1783 3103 decetero
1808 3071 1909 3103 non
1941 3056 2174 3102 admittat
2206 3055 2341 3102 illam

289 3116 556 3162 monialem
581 3118 645 3164 de
672 3118 1119 3180 Hynchyngbroke
1142 3136 1237 3166 nec
1259 3121 1310 3166 in
1336 3121 1541 3166 domum
1566 3135 1660 3166 nec
1683 3121 1749 3166 ad
1773 3120 2224 3176 cohabitacionem,
2245 3133 2339 3165 nec

290 3179 449 3224 eciam
467 3181 603 3242 quod
621 3182 691 3227 illi
709 3183 888 3228 liberet
905 3184 1272 3243 obligacionem
1290 3184 1424 3230 illam
1444 3199 1594 3246 quam
1618 3184 1771 3230 habet
1789 3184 1853 3230 de
1872 3184 2025 3230 domo
2043 3183 2108 3229 de
2134 3182 2338 3244 Hynch-

289 3243 547 3301 yngbroke
573 3259 665 3291 nec
688 3246 784 3291 vlla
807 3246 903 3292 alia
927 3248 1060 3293 bona
1083 3263 1180 3309 que
1203 3250 1267 3294 ab
1302 3248 1480 3294 eadem
1514 3248 1668 3294 domo
1702 3248 1856 3294 habet
1890 3248 1983 3293 nisi
2017 3250 2211 3292 tantum
2244 3246 2341 3306 ipsi

289 3307 567 3353 reuerendo
611 3310 755 3367 patri.
847 3311 914 3355 Et
958 3311 1054 3356 hiis
1099 3313 1283 3357 habitis
1326 3312 1463 3357 idem
1498 3311 1804 3358 reuerendus
1843 3315 1986 3371 pater
2031 3310 2366 3360 continuauit¹

289 3370 554 3428 negocium
589 3373 893 3419 visitacionis
929 3388 1018 3420 sue
1054 3375 1355 3432 huiusmodi,
1393 3376 1513 3437 quin
1548 3390 1666 3436 ymo
1702 3376 1863 3435 ipsam
1898 3375 2243 3421 visitacionem
2287 3374 2339 3419 in

287 3434 418 3477 statu
441 3447 541 3494 quo
563 3437 682 3481 tunc
705 3439 811 3482 erat
834 3452 989 3499 Vsque
1011 3438 1077 3483 ad
1100 3441 1151 3484 et
1183 3439 1235 3484 in
1268 3439 1495 3485 vltimum
1530 3439 1665 3485 diem
1688 3439 1874 3485 mensis
1896 3438 2081 3498 Aprilis
2108 3438 2340 3498 proxime

290 3493 509 3542 futurum
533 3500 582 3543 et
604 3498 670 3543 ad
703 3500 976 3560 quemlibet
999 3502 1134 3548 diem
1156 3502 1421 3548 iuridicum
1443 3503 1582 3559 citra,
1607 3517 1707 3564 quo
1731 3502 1826 3548 sibi
1856 3502 2057 3548 cauebit
2077 3507 2128 3548 et
2151 3501 2216 3548 de
2238 3514 2340 3563 quo

390 3608 403 3631 ¹
429 3622 532 3648 conce
558 3611 771 3650 cancelled.

386 3658 404 3682 2
429 3661 507 3698 Sic.

385 3710 401 3734 ³
427 3714 491 3750 Sic
508 3727 523 3750 .·
549 3713 610 3750 for
636 3720 899 3756 reuereantur.

386 3802 399 3826 ¹
426 3803 513 3842 The
540 3805 791 3854 subjunctive
816 3813 981 3844 vocasset
1004 3821 1082 3846 was
1109 3809 1207 3847 used
1234 3810 1275 3847 in
1303 3810 1371 3848 the
1392 3810 1562 3861 original
1591 3820 1632 3849 to
1651 3810 1777 3862 imply
1796 3811 1884 3849 that
1901 3810 1983 3849 this
2003 3809 2148 3860 charge
2169 3821 2248 3846 was
2267 3815 2338 3846 not

282 3866 305 3890 a
325 3855 471 3903 proved
492 3855 570 3894 fact
591 3857 663 3893 but
683 3857 832 3906 merely
850 3870 873 3894 a
890 3867 1117 3898 statement.

382 3904 399 3929 ²
427 3905 524 3944 This
543 3907 663 3945 refers
683 3917 725 3946 to
743 3921 853 3946 some
873 3910 996 3948 detail
1016 3919 1085 3948 not
1104 3913 1293 3952 recorded
1314 3914 1353 3950 in
1374 3914 1441 3952 the
1459 3916 1599 3952 detecta
1617 3927 1626 3950 ε
1657 3915 1687 3951 it
1707 3927 1798 3966 may
1816 3914 1918 3952 have
1938 3913 2066 3951 arisen
2087 3920 2158 3950 out
2177 3909 2220 3949 of
2235 3921 2297 3950 21.
