2488 4296
267 357 384 412 208
720 353 1207 412 ALNWICK’S
1289 354 1851 414 VISITATIONS

263 514 388 560 aliis¹
414 515 463 560 in
488 514 809 569 vestimentis,
835 527 1045 574 quorum
1071 513 1373 559 nummerus²
1394 514 1621 559 ascendit
1638 518 1756 574 pene
1777 515 1843 560 ad
1866 517 1963 576 xvj,
1988 520 2038 562 et
2060 520 2178 564 tunc
2204 534 2304 566 non

264 581 376 623 sunt
410 577 510 637 qui³
532 579 582 622 in
607 577 780 622 habitu
804 578 853 621 in
877 577 1034 622 choro
1056 577 1335 622 consistunt
1357 576 1483 622 vltra
1506 578 1537 637 ij
1563 578 1642 623 vel
1665 579 1731 638 iij.

389 641 614 699 (Abbas)
684 641 811 686 Item
848 640 968 685 dicit
1004 640 1139 699 quod
1176 643 1250 685 est
1273 639 1467 699 ητικξηα4
1490 641 1757 687 multitudo
1781 657 1959 688 canum
1983 645 2227 691 inutilium
2252 647 2302 692 in

263 705 578 759 monasterio,
605 719 693 763 per
716 718 840 763 quos
863 704 1062 748 timetur
1086 703 1487 748 elemosinarum⁵
1510 719 1791 750 mensarum
1815 709 2054 753 consumi.

389 767 616 829 (Abbas.)
687 768 812 812 Item
837 767 958 812 dicit
982 767 1116 825 quod
1140 767 1296 812 abbas
1320 770 1394 812 est
1418 767 1626 813 multum
1650 769 1938 828 necgligens
1962 772 2010 815 in
2035 773 2304 819 scrutando

262 832 632 891 proprietarios
675 846 788 875 nam
829 830 951 875 dicit
995 831 1130 889 quod
1175 830 1526 876 habundancia
1571 834 1892 890 pecuniarum
1938 838 2108 880 causat
2152 837 2305 882 multa

264 895 664 953 ma11.(10¹¹¹³.⁶

333 974 335 978 ·
388 959 534 1004 ⁷Item
571 894 693 1004 digit
732 958 867 1017 quod
907 972 1007 1003 non
1053 957 1265 1003 habetur
1309 959 1577 1004 instructor
1621 955 1931 1006 nOuiciorum
1971 964 2020 1007 et
2058 962 2303 1008 iuniorum

262 1024 617 1068 canonicorum
640 1023 689 1067 in
715 1022 1049 1080 grammatica.

388 1086 532 1131 ⁸Item
571 1086 693 1131 dicit
728 1085 862 1144 quod
899 1087 1012 1130 sunt
1049 1084 1150 1130 duo
1186 1086 1267 1144 qui
1305 1088 1642 1131 sustentantur
1679 1086 1743 1132 de
1779 1088 1924 1133 bonis
1956 1091 2303 1135 communibus

262 1150 439 1194 domus
464 1164 552 1209 per
576 1150 824 1204 abbatem,
850 1164 974 1194 vnus
997 1148 1205 1193 clericus
1240 1151 1289 1194 et
1324 1149 1448 1194 alter
1484 1150 1651 1207 laicus,
1677 1151 1767 1196 sed
1803 1153 1962 1197 nescit
1984 1153 2192 1211 qualiter
2224 1155 2303 1200 vel

261 1214 461 1272 quando
485 1217 724 1259 venerunt
748 1214 798 1258 in
823 1213 1190 1258 monasterium.

391 1277 563 1322 Frater
585 1277 808 1322 Thomas
845 1276 1088 1334 Belgraue
1123 1276 1244 1321 dicit
1277 1276 1412 1335 quod
1446 1278 1543 1322 iam
1578 1279 1691 1321 sunt
1728 1278 1886 1323 solum
1923 1280 1969 1338 vj
2009 1280 2163 1338 pueri,
2189 1294 2301 1325 curn

261 1341 450 1386 dudum
474 1340 670 1386 fuerant
692 1341 772 1400 xvj
799 1340 877 1385 vel
899 1339 1020 1399 xiiij.
1039 1390 1047 1398 α

389 1403 615 1465 (Abbas.)
686 1405 811 1449 Item
837 1403 958 1448 dicit
980 1403 1115 1462 quod
1139 1418 1240 1449 non
1265 1403 1476 1449 habetur
1499 1403 1766 1450 instructor
1788 1406 1838 1450 in
1862 1407 2185 1464 grammatica
2208 1421 2301 1453 nec

259 1469 309 1513 in
347 1469 648 1513 monasterio
674 1468 839 1514 necin
864 1467 978 1512 villa
1017 1467 1316 1526 Leycestrie,
1342 1467 1423 1512 vbi
1448 1468 1604 1513 abbas
1639 1471 1835 1514 tenetur
1874 1469 2113 1515 exhibere
2151 1471 2300 1516 talem

259 1533 623 1583 instructorem
670 1531 880 1576 videlicet
924 1531 974 1575 in
1019 1531 1147 1583 villa
1193 1534 1294 1576 tam
1349 1545 1442 1590 pro
1497 1533 1831 1578 instruccione
1885 1533 2180 1579 clericorum
2236 1535 2300 1580 cle

259 1596 604 1640 elemosinaria
627 1610 773 1655 quam
797 1585 1006 1640 aliorum
1031 1594 1094 1640 de
1118 1596 1289 1653 patria.
1359 1594 1404 1656 (1
1412 1598 1530 1655 5¹1²a

388 1658 592 1719 (Abbas.
598 1660 613 1717 )
684 1660 809 1704 Item
834 1658 956 1704 dicit
979 1659 1114 1717 quod
1137 1659 1365 1704 canonici
1390 1660 1683 1705 vescentes
1672 1675 1722 1704 m
1745 1659 1856 1705 aula
1878 1659 2074 1737 abbatis
2108 1662 2299 1707 mixtim

258 1722 435 1768 sedent
459 1738 572 1768 cum
596 1722 913 1768 secularibus

387 1786 617 1847 (Abbas.)
686 1787 812 1832 Item
852 1786 974 1831 dicit
1009 1785 1143 1846 quod
1180 1785 1333 1832 frater
1369 1786 1651 1832 Willelmus
1686 1787 1949 1844 Couentre‚
1975 1789 2057 1848 qui
2094 1787 2302 1834 dudum⁹

256 1850 474 1895 lubricus
498 1850 599 1908 fuit
623 1853 672 1895 et
696 1850 895 1895 deditus
929 1850 1227 1906 insolenciiS‚
1252 1851 1349 1896 iarn
1375 1850 1641 1909 deputatur
1665 1853 1833 1896 custos
1866 1851 2093 1911 hospicii,
2118 1853 2167 1898 in
2201 1867 2300 1912 quo

258 1917 423 1972 potest
448 1914 632 1959 habere
655 1914 838 1959 liberas
862 1914 1084 1959 habenas
1108 1913 1325 1959 faciendi
1350 1917 1399 1960 et
1422 1914 1573 1959 eundi
1596 1929 1694 1974 quo
1718 1914 1834 1960 vult.

384 1976 641 2037 1⁰(Abbas)
711 1978 884 2023 Frater
918 1977 1170 2048 Johannes
1194 1978 1434 2038 Whytley
1469 1977 1590 2023 dicit
1624 1978 1688 2024 de
1722 1978 1923 2024 raritate
1945 1979 2299 2024 canonicorum

258 2044 306 2086 et
330 2043 488 2087 eciam
513 2041 577 2086 de
600 2055 808 2087 numero
832 2056 1099 2100 puer01um
1123 2042 1171 2085 in
1197 2041 1556 2095 elemosinaria
1582 2042 1665 2087 vbi
1689 2041 1918 2087 solebant
1951 2057 2059 2088 esse
2092 2043 2223 2102 xxvj,
2249 2046 2298 2088 et

257 2109 423 2150 tamen
448 2107 528 2164 qui
554 2120 685 2150 nunc
708 2108 820 2150 sunt
846 2119 945 2150 non
968 2105 1165 2150 aluntur
1189 2104 1359 2151 debite
1383 2108 1432 2150 et
1455 2105 1700 2151 honeste'
1689 2120 1738 2150 1n
1763 2105 1967 2151 defectu
1988 2107 2199 2152 abbatis.

388 2169 513 2214 Item
550 2169 731 2215 dicitur
767 2168 902 2228 quod
938 2169 1092 2214 semel
1127 2168 1205 2214 vel
1242 2169 1319 2214 bis
1354 2170 1544 2228 recepit
1582 2169 1739 2214 abbas
1777 2171 2015 2228 pecunias
2047 2170 2112 2215 ab
2145 2171 2294 2215 intro-

258 2232 501 2278 ducendis
525 2234 573 2277 in
600 2233 1010 2289 elemosinariam,
1036 2235 1085 2277 et
1118 2233 1200 2291 qui
1235 2233 1540 2292 recipiuntur
1575 2232 1784 2278 inabiles
1820 2235 1869 2278 et
1904 2234 2060 2292 inepti
2096 2235 2222 2288 sunt,
2247 2235 2296 2278 et

257 2300 423 2341 tamen
461 2311 560 2341 non
598 2298 904 2341 instruuntur
940 2296 989 2341 in
1026 2296 1290 2355 primitiuis
1325 2297 1567 2349 scienciis,
1593 2296 1682 2342 sed
1719 2296 2007 2342 deseruiunt
2042 2298 2296 2342 canonicis

257 2361 392 2404 missi
431 2361 481 2404 in
522 2374 694 2405 eorum
734 2360 956 2419 negociis
994 2374 1053 2406 ac
1093 2360 1133 2404 si
1170 2362 1336 2405 essent
1370 2359 1706 2416 conducticii;
1741 2359 1976 2405 videlicet
2012 2360 2076 2405 de
2113 2364 2296 2420 nepote

261 2424 442 2482 Rogeri
470 2423 669 2479 Buldra,
694 2438 810 2478 xxs.‚
836 2426 886 2468 et
908 2423 1003 2469 alia
1026 2424 1135 2469 vice
1159 2424 1208 2468 in
1234 2423 1379 2468 simili
1404 2438 1535 2479 casu,
1559 2424 1644 2483 vjs.
1669 2423 1803 2483 viijd.
1872 2423 1976 2484 (9².)

390 2486 506 2547 [Fo.
533 2486 701 2548 104d.]
757 2486 984 2548 (Abbas.)
1037 2488 1162 2532 Item
1187 2502 1287 2532 non
1311 2487 1558 2533 habentur
1576 2487 1803 2533 canonici
1822 2487 1871 2532 in
1890 2486 2195 2544 sacerdocio,
2214 2488 2297 2547 qui

257 2551 296 2595 si
321 2551 496 2610 aliquis
519 2566 691 2597 eorum
715 2552 778 2596 sit
800 2550 1126 2610 indispositus
1148 2550 1213 2596 ad
1237 2550 1593 2596 celebrandum
1610 2553 1816 2611 possent
1833 2553 2128 2610 supportare
2146 2565 2298 2596 onera

255 2615 617 2669 incumbencia
642 2615 692 2660 in
715 2617 855 2660 tanto
878 2614 1012 2674 quod
1035 2615 1339 2675 aliquociens
1361 2614 1478 2660 talia
1500 2629 1653 2660 onera
1675 2629 1777 2660 non
1800 2617 2167 2681 supportantur.

383 2677 550 2724 ¹¹Item
588 2679 710 2724 dicit
748 2678 882 2739 quod
920 2678 1078 2724 abbas
1116 2681 1165 2725 et
1204 2678 1405 2738 quidam
1443 2678 1526 2724 alii
1565 2678 1814 2724 seculares
1858 2678 1952 2724 sibi
1976 2674 2295 2724 intendentes

254 2742 519 2787 intendunt
541 2757 631 2801 per
653 2757 706 2788 se
730 2743 780 2788 in
804 2745 999 2788 secreto
1021 2743 1221 2788 cuidam
1244 2742 1337 2788 arti
1361 2756 1456 2801 que
1480 2742 1661 2788 dicitur
1684 2741 2025 2802 multiplyyng‚
2050 2756 2139 2801 per
2162 2741 2297 2801 quod

254 2807 395 2850 timet
419 2806 624 2851 domum
647 2807 863 2865 grauiter
887 2805 1245 2865 dampnificari.

384 2871 475 2927 (11.
528 2869 736 2931 Abbas.)
826 2870 952 2916 Item
992 2870 1114 2915 dicit
1153 2869 1287 2929 quod
1325 2869 1482 2915 abbas
1521 2883 1621 2914 non
1661 2871 1818 2915 mutat
1857 2869 2142 2928 capellanos
2180 2883 2296 2915 suos

255 2933 529 2979 secundum
554 2934 835 2989 constituta,
860 2933 951 2979 sed
973 2934 1278 2992 aliquociens
1299 2935 1437 2979 tenet
1460 2948 1549 2992 per
1571 2934 1617 2993 vj
1643 2947 1812 2980 annos,

356 3047 368 3070 ¹
397 3049 480 3084 Sic:
509 3047 567 3084 for
594 3048 701 3084 alios.

355 3098 372 3121 2
399 3100 472 3136 Sic.

355 3150 371 3174 ⁸
397 3151 512 3200 quasi
526 3150 736 3189 interlined
754 3150 831 3188 and
851 3150 1066 3188 cancelled.

356 3202 371 3226 ⁴
400 3202 615 3239 Interlined
634 3202 759 3239 above
778 3214 898 3239 mana
915 3202 1130 3240 cancelled.

355 3253 370 3276 ὅ
398 3255 483 3290 Sic:
514 3253 571 3290 for
597 3255 850 3291 elemosinam.

355 3304 371 3328 ⁶
397 3306 484 3343 The
503 3304 763 3354 signification
782 3304 826 3341 of
848 3305 915 3342 the
933 3305 1117 3342 numbers
1135 3306 1254 3342 noted
1274 3304 1314 3342 in
1333 3305 1399 3342 the
1418 3304 1567 3353 margin
1588 3303 1632 3341 of
1655 3316 1763 3341 some
1793 3304 1836 3341 of
1859 3304 1926 3341 the
1953 3305 2093 3342 detecta
2120 3304 2164 3348 is,
2184 3316 2226 3341 as
2251 3304 2292 3342 in

254 3358 320 3394 the
339 3370 427 3394 case
446 3356 491 3393 of
512 3357 578 3394 the
598 3357 779 3406 previous
796 3356 1007 3401 visitation,
1027 3356 1189 3394 difficult
1207 3362 1248 3394 to
1266 3356 1435 3407 explain.

356 3409 370 3435 ⁷
396 3409 524 3445 Abbas
541 3408 740 3446 cancelled
758 3408 798 3445 in
817 3408 982 3457 margin.

354 3459 370 3482 ⁸
395 3460 522 3496 Abbas
541 3459 742 3497 cancelled
761 3459 800 3496 in
821 3459 983 3508 margin.

353 3510 370 3534 ⁹
395 3512 440 3548 de
458 3511 671 3549 cancelled.

338 3561 369 3585 ¹⁰
395 3563 492 3600 This
509 3563 586 3600 and
606 3563 672 3600 the
690 3568 783 3600 next
802 3563 1019 3612 paragraph
1045 3575 1111 3600 are
1139 3561 1350 3600 bracketed
1377 3562 1417 3599 in
1447 3562 1513 3599 the
1539 3561 1719 3610 original,
1754 3561 1822 3599 the
1849 3560 2039 3610 marginal
2070 3561 2182 3598 abbas
2212 3562 2291 3599 and

253 3627 303 3664 9a
322 3614 576 3702 alpplqylllggstss
589 3614 745 3714 ἰῐὶῐειὶεῑιῑῐιὲὶῐι
764 3665 977 3703 cancelled.

354 3757 366 3782 ¹
394 3757 482 3807 I.e.,
503 3758 540 3793 in
561 3757 628 3797 the
647 3757 839 3806 almonry.
893 3755 968 3793 See
999 3756 1219 3798 Visitations
1237 3764 1266 3801 Ι,
1290 3765 1350 3805 23,
1373 3762 1466 3795 note
1489 3765 1504 3791 1
1527 3766 1535 3805 3
1565 3754 1642 3791 and
1664 3761 1749 3808 232,
1769 3767 1837 3793 s.v.
1859 3753 2159 3796 Elemosinaria.
