2488 4296
376 406 491 458 161
832 399 1319 459 ALNWICK’S
1402 400 1965 459 VISITATIONS

373 556 689 620 arco[nium]
718 555 947 603 vendidit
974 592 1129 603 .....
1135 557 1150 582 ¹
1173 571 1266 617 pro
1288 573 1319 604 v
1343 559 1522 604 marcis
1546 560 1595 604 et
1618 559 1809 618 recepit
1831 559 2108 619 pecuniam,
2128 561 2178 606 et
2201 560 2418 606 nescitur

380 622 590 685 qualiter
615 620 978 680 expenduntur.

2472 619 2488 673 ‘l

509 685 664 746 [Item
690 684 813 729 dicit
836 684 973 745 quod
996 683 1158 746 idem]
1187 685 1441 731 Walterus
1465 688 1541 731 est
1565 686 1842 731 communis
1865 685 2208 747 frequentator
2232 701 2418 732 merca·
2486 696 2488 702 .

379 753 543 795 torum
579 748 894 807 publicorum
931 751 1106 793 contra
1141 749 1454 795 honestatem
1492 748 1782 806 sacerdocii,
1819 751 1870 794 et
1905 753 1980 795 est
2014 749 2258 809 litigiosus
2293 751 2421 796 inter

381 813 545 859 socios
584 813 633 856 in
679 810 934 871 [collegio‚
976 810 1117 872 nam]
1162 812 1383 874 quodam
1419 816 1646 872 tempore
1685 813 1929 871 percussit
1969 827 2083 859 cum
2122 826 2293 872 pugno
2332 828 2423 859 suo

383 876 642 922 dominum
665 874 975 920 Willelmum
1001 875 1210 936 Blokley
1233 877 1283 921 in
1307 890 1479 921 mensa
1503 879 1552 921 et
1576 875 1790 921 minatur
1813 876 1921 921 aliis
1944 877 2092 922 sociis
2124 876 2190 922 ad
2225 877 2423 922 verber-

383 939 568 986 andum
597 937 724 999 [eos.
794 937 968 998 Quod]
998 953 1297 1001 quamquam
1323 939 1556 998 negauit,2
1578 942 1746 984 tamen
1769 939 2035 998 probatum
2059 942 2134 985 est
2156 954 2246 1000 per
2262 941 2426 999 ipsum

382 1002 709 1048 Willelmum.
789 1001 987 1060 Allegat
1023 1017 1076 1048 se
1112 1006 1395 1049 correctum
1432 1017 1522 1062 per
1560 1002 1816 1048 dominum
1853 1002 2162 1048 Willelmum
2184 1003 2425 1049 rvltimum

381 1066 690 1125 episcopum,
717 1064 781 1111 de
805 1065 918 1126 qua8
941 1080 1041 1110 non
1072 1065 1315 1127 [exhibet.
1377 1067 1548 1112 Habet
1569 1067 1835 1112 terminum
1858 1065 1950 1126 ad]
1977 1066 2426 1127 Wendelyngbury

382 1129 449 1175 ad
482 1128 784 1175 sufficienter
812 1128 1098 1174 docendum
1123 1130 1187 1175 de
1211 1130 1495 1175 huiusmodi
1533 1131 1866 1176 correccione.
1937 1131 2152 1191 Require
2175 1130 2427 1176 residuum

380 1195 607 1239 actorum
631 1192 918 1237 huiusmodi
943 1194 994 1238 in
1018 1195 1252 1252 proximo
1277 1193 1488 1239 dimidio
1512 1193 1634 1239 folio
1663 1192 1755 1254 [ad
1779 1192 2040 1254 signum].⁴

517 1265 586 1326 [F
588 1280 633 1311 o.
661 1264 715 1326 8]
805 1265 1111 1326 (Walterus.)
1195 1267 1322 1312 Item
1369 1266 1492 1312 dicit
1535 1266 1672 1328 quod
1717 1266 1937 1313 decanus
1979 1266 2046 1313 ob
2090 1267 2426 1313 austeritatem

382 1329 573 1376 domini
600 1329 812 1375 Walteri
836 1343 936 1375 non
960 1330 1113 1376 au'det
1137 1345 1251 1376 eum
1275 1331 1526 1388 corrigere
1549 1333 2004 1392 quantumcumque
2022 1331 2299 1392 deliquerit.

507 1401 817 1464 (Decanus.)⁵
902 1403 1029 1448 Item
1054 1403 1274 1450 decanus
1297 1406 1374 1449 est
1396 1404 1631 1450 remissus
1654 1404 1704 1449 in
1729 1403 1978 1463 exigendo
2001 1404 2107 1450 iura
2130 1406 2180 1450 et
2204 1403 2427 1450 decimas

387 1467 559 1513 debita
581 1466 796 1526 collegio
822 1465 886 1511 de
910 1467 1242 1526 parochianis.

514 1529 724 1591 (Omnes
764 1530 1026 1590 canonici.)
1118 1531 1246 1577 Item
1291 1530 1413 1576 dicit
1458 1532 1594 1592 quod
1639 1529 1984 1576 indifferenter
2028 1545 2203 1576 omnes
2247 1533 2430 1577 exeunt

385 1594 652 1653 collegium
676 1597 842 1640 contra
865 1597 1056 1649 statuta,
1083 1598 1132 1640 et
1156 1594 1339 1640 mulcte
1364 1609 1422 1640 ea
1447 1595 1509 1640 de
1534 1609 1682 1641 causa
1706 1594 1969 1654 deperdite
1992 1609 2093 1640 non
2118 1595 2395 1653 exiguntur.

515 1656 780 1719 (Blokley.)
841 1658 967 1703 Item
991 1658 1114 1704 dicit
1137 1658 1273 1719 quod
1297 1658 1528 1704 dominus
1551 1658 1834 1704 Willelmus
1859 1658 2068 1719 Blokley
2091 1673 2191 1704 non
2209 1658 2431 1704 reddidit

388 1725 679 1781 compotum
703 1722 768 1767 de
792 1720 958 1767 officio
982 1736 1071 1767 suo
1095 1737 1184 1781 per
1207 1725 1418 1783 quatuor
1435 1737 1607 1768 annos.

518 1786 770 1840 (Decanus
794 1787 843 1830 et
865 1786 1192 1844 procurator.)
1262 1786 1389 1831 Item
1414 1786 1535 1832 dicit
1568 1785 1705 1847 quod
1740 1786 1883 1830 annis
1918 1785 2014 1830 illis
2049 1785 2229 1839 quibus
2264 1785 2431 1831 omnia

389 1851 531 1894 erant
554 1850 605 1894 in
630 1863 760 1904 caro,
786 1848 1031 1895 forofacte
1067 1849 1267 1895 fuerunt
1303 1850 1616 1909 prouisiones
1650 1849 1778 1895 adeo
1812 1849 1948 1895 leues
1984 1849 2111 1894 sicut
2146 1848 2242 1894 hiis
2274 1849 2430 1906 annis,

389 1913 569 1973 quibus
593 1913 760 1958 omnia
783 1915 897 1957 sunt
919 1913 970 1958 in
995 1914 1154 1972 copia.

520 1975 772 2037 (Careby.)
854 1976 981 2022 Item
1021 1977 1143 2022 dicit
1182 1976 1332 2038 quod,
1370 1979 1423 2022 vt
1460 1977 1653 2033 dicitur,
1697 1977 1892 2037 Careby
1927 1978 2159 2035 suspecte
2195 1975 2287 2021 fuit
2320 1990 2434 2022 cum

391 2039 597 2086 muliere
633 2039 850 2101 quadam
889 2040 954 2086 de
998 2041 1270 2101 Twywelle
1311 2043 1544 2100 suspecto
1585 2041 1738 2086 modo
1776 2039 1912 2100 apud
1955 2039 2177 2099 Higham
2215 2040 2266 2084 in
2304 2039 2434 2086 festo

392 2105 552 2149 sancti
599 2102 851 2163 Botulphi‚
892 2104 976 2150 vbi
1022 2107 1070 2150 et
1115 2104 1317 2165 quando
1363 2105 1600 2163 cognouit
1644 2119 1767 2161 eam,
1809 2107 1861 2149 vt
1906 2103 2100 2158 dicitur,
2141 2103 2271 2148 trina
2308 2104 2431 2148 vice.

393 2167 685 2227 Comparuit
709 2170 758 2213 et
781 2170 931 2227 negat
953 2168 1230 2225 articulum,
1255 2171 1305 2214 et
1330 2168 1481 2214 habet
1504 2169 1775 2214 crastinum
1798 2167 1863 2214 ad
1886 2166 2201 2226 purgandum
2236 2181 2288 2212 se
2322 2181 2435 2212 cum

391 2234 604 2292 quatuor
628 2231 693 2277 de
716 2232 987 2277 canonicis.

518 2294 769 2355 (Careby.)
842 2295 983 2341 Idem
1020 2295 1316 2341 multociens
1351 2293 1546 2354 fingens
1582 2310 1635 2341 se
1671 2294 1920 2340 infirmum
1957 2295 2007 2339 et
2041 2292 2254 2339 iacendo
2287 2307 2435 2352 super

390 2358 586 2404 stallum
626 2373 726 2404 non
763 2359 1026 2418 psallendo
1065 2373 1157 2405 nec
1190 2359 1508 2415 celebrando,
1536 2358 1699 2404 sedin
1723 2358 2089 2404 refeccionibus
2113 2357 2266 2402 habet
2299 2372 2353 2403 se
2385 2358 2437 2401 vt

391 2437 553 2469 sanus.

524 2486 797 2546 (Walterus
842 2489 892 2532 et
939 2486 1182 2547 Blokley.)
1273 2487 1399 2532 Item
1447 2486 1570 2532 dicit
1613 2485 1751 2547 quod
1798 2483 2097 2531 Luffenham
2142 2486 2192 2530 et
2231 2483 2438 2544 Blokley

394 2550 660 2596 intendunt
683 2550 897 2609 publicis
919 2550 1140 2597 tabernis
1164 2550 1323 2596 eciam
1348 2550 1413 2596 ad
1437 2550 1600 2596 noctis
1622 2549 1856 2596 tenebras
1880 2551 1929 2595 et
1952 2548 2244 2594 ebrietatem
2269 2565 2278 2605 ;
2316 2550 2366 2593 et
2398 2547 2438 2592 si

395 2614 505 2675 quis
541 2613 730 2675 aliquid
770 2614 841 2659 eis
881 2613 1076 2671 dixerit,
1112 2615 1278 2660 statim
1317 2616 1648 2674 prorumpunt
1686 2613 1751 2659 ad
1791 2613 1962 2671 iurgia.
2032 2611 2240 2672 Blokley
2276 2612 2437 2670 negat.

397 2676 696 2723 Luffenham
720 2677 922 2737 negant⁶
945 2678 1207 2724 articulum
1231 2695 1240 2724 :
1275 2680 1441 2724 tamen
1477 2677 1653 2723 moniti
1687 2679 1801 2722 sunt
1832 2676 1924 2721 sub
1947 2690 2077 2735 pena
2101 2674 2436 2721 excommuni-

395 2741 613 2786 cacionis
658 2743 707 2787 et
747 2741 989 2787 dacionis⁷
1027 2743 1077 2802 iij
1118 2742 1406 2800 lagenarum
1446 2741 1668 2796 ceruisie,
1710 2741 1837 2786 sicut
1877 2739 2110 2796 decanus,
2150 2741 2260 2793 etc.‚
2301 2736 2438 2799 quod

395 2804 630 2850 decetero
654 2804 950 2861 abstineant,
977 2808 1026 2851 et
1049 2806 1145 2851 hoc
1169 2806 1409 2866 quociens
1433 2805 1746 2866 deliquerint.

521 2867 830 2929 (Walterus.)
874 2869 1001 2914 Item
1017 2869 1248 2915 dominus
1262 2869 1515 2915 Walterus
1530 2868 1764 2914 alienauit
1777 2866 2029 2929 quandam
2045 2866 2194 2912 ollam
2210 2878 2433 2917 enneam,

393 2932 529 2993 quod
568 2933 800 2991 prouenit
839 2932 1052 2992 collegio
1098 2933 1299 2979 nomine
1340 2933 1628 2989 mortuarii;
1665 2934 1715 2978 et
1751 2931 1969 2977 nescitur
2007 2930 2090 2975 vbi
2130 2929 2439 2976 deuenerunt

393 2996 621 3054 pecunie.
692 2995 828 3042 Dicit
851 2997 988 3057 quod
1011 2996 1163 3042 faciet
1186 2997 1574 3042 restitucionem.

522 3057 830 3119 (Walterus.)
901 3059 1060 3106 Idem⁸
1083 3061 1241 3106 eciam
1264 3059 1518 3106 Walterus
1541 3059 1776 3105 alienauit
1812 3057 1965 3103 modo
2001 3056 2149 3103 simili
2188 3054 2438 3117 quendam

396 3137 578 3183 equum
614 3125 879 3184 postquam
918 3124 1127 3184 Blokley
1164 3123 1257 3168 fuit
1290 3127 1523 3169 oneratus
1558 3123 1622 3168 de
1658 3122 1823 3168 officio
1859 3121 1959 3178 1110,
1997 3123 2048 3167 et
2082 3121 2177 3165 ista
2211 3119 2440 3165 liberauit

397 3188 662 3247 postquam
698 3190 995 3233 exoneratus
1030 3187 1125 3232 fuit
1159 3187 1224 3233 de
1260 3186 1439 3234 officio.
1510 3187 1757 3233 Oneratus
1793 3188 1868 3231 est
1901 3199 2015 3231 cum
2038 3184 2210 3244 precio
2233 3183 2283 3228 in
2308 3196 2440 3228 com-

397 3251 535 3308 poto.

525 3312 813 3372 (Decanus.)
884 3314 1009 3360 Item
1034 3315 1156 3361 dicit
1179 3315 1316 3377 quod
1350 3315 1569 3361 decanus
1605 3314 1839 3360 alienauit
1873 3311 2140 3358 almucium
2177 3309 2314 3371 quod
2347 3309 2441 3353 iste

495 3424 506 3447 ¹
536 3424 570 3461 A
590 3424 695 3462 word
716 3425 932 3472 caneelled,
953 3426 1031 3463 and
1051 3427 1218 3464 another
1236 3427 1394 3464 written
1413 3427 1452 3464 in
1474 3428 1598 3464 above
1616 3439 1624 3463 τ
1645 3425 1740 3463 both
1760 3423 1950 3474 illegible.

494 3475 509 3498 ²
537 3476 790 3526 Apparently
809 3476 876 3513 the
895 3478 1076 3527 reading,
1098 3479 1166 3515 but
1188 3479 1218 3515 it
1236 3478 1269 3516 is
1288 3491 1383 3528 very
1404 3478 1624 3515 uncertain.

497 3525 512 3550 ³
539 3526 602 3565 Sc.
618 3529 859 3565 correccione.

469 3578 509 3665 f4
538 3577 607 3666 {3⁸
630 3579 651 3614 8
674 3578 706 3615 is
726 3592 748 3616 a
767 3578 953 3616 half-leaf
969 3580 1010 3616 of
1027 3593 1163 3629 paper,
1184 3590 1251 3618 cut
1271 3580 1518 3629 lengthwise.
1590 3579 1678 3617 The
1708 3590 1875 3628 passage
1905 3576 2077 3614 referred
2096 3586 2137 3612 to
2155 3574 2234 3612 will
2252 3575 2299 3612 be
2319 3573 2440 3611 found

396 3641 446 3666 on
485 3642 520 3666 0.
598 3657 606 3666 .

495 3680 509 3702 ⁵
537 3679 668 3718 There
689 3692 753 3718 are
771 3693 922 3718 crosses
941 3681 979 3718 in
1000 3681 1069 3719 t'ne
1089 3683 1243 3732 margin
1265 3683 1421 3731 against
1439 3682 1519 3720 this
1539 3682 1616 3719 and
1636 3681 1703 3719 the
1722 3690 1818 3722 next
1837 3690 1914 3717 two
1932 3679 2086 3720 detecta.

495 3731 512 3755 ὓ
540 3733 627 3768 Sic:
657 3731 724 3768 the
745 3732 887 3770 earlier
905 3738 1017 3780 negat
1033 3746 1110 3770 was
1129 3734 1384 3773 overlooked.

499 3782 514 3807 ⁷
542 3782 607 3819 Sic
628 3782 766 3832 (dac'):
796 3783 855 3820 for
881 3783 1105 3822 donacionis.

501 3832 517 3856 ⁸
547 3833 709 3872 Altered
728 3835 827 3872 from
848 3834 956 3874 Item·
