2488 4296
305 395 422 433 210
759 373 1249 432 ALNWICK’S
1335 345 1904 434 VISITATIONS

442 532 614 577 Frater
641 530 936 590 Radulphus
960 530 1190 592 Seytone,
1215 531 1439 578 scolaris.

442 598 522 656 (9²².
558 595 764 653 Abbas.)
834 595 1005 640 Frater
1029 594 1313 640 Willelmus
1339 595 1602 652 Couentre,
1628 597 1796 641 custos
1819 595 2046 655 hospicii,
2072 596 2195 644 dicit
2227 599 2364 660 quod

317 659 508 706 audiuit
541 659 774 704 abbatem
809 659 978 704 dicere
1001 658 1138 719 quod
1160 659 1386 704 visitacio
1409 659 1661 705 ordinaria
1684 674 1779 704 non
1801 663 1908 705 esset
1931 660 2041 705 nisi¹
2067 661 2230 718 trusa,²
2251 663 2367 724 quia

317 722 454 784 quod
477 723 527 767 in
552 736 610 768 ea
633 722 917 767 ordinatum
942 725 1015 767 est
1039 722 1090 767 in
1113 721 1332 768 crastino
1354 722 1504 768 vellet
1528 722 1832 768 subuertere.

445 785 559 844 (12³.
606 784 813 845 Abbas.)
899 786 1025 831 Item
1065 784 1188 830 dicit
1231 785 1368 846 quod
1413 786 1568 831 abbas
1607 786 1760 831 habet
1799 787 1847 832 in
1889 801 2038 832 manu
2076 802 2164 833 sua
2203 788 2367 836 officia

317 849 611 896 thesaurarii
637 851 686 894 et
709 849 965 905 cellerarii,
992 851 1041 894 et
1064 849 1268 909 quando
1302 849 1475 895 vltimo
1510 850 1832 908 computauit,
1858 850 1984 896 dixit
2019 851 2156 912 quod
2193 852 2368 898 melius

319 914 449 958 foret
466 916 518 957 vt
536 926 637 957 non
662 915 988 971 computaret,
1008 913 1124 973 quia
1142 913 1317 971 pocius
1334 911 1466 958 foret
1483 912 1578 958 sibi
1597 916 1874 958 conuentus
1896 914 2202 961 indebitatus
2218 930 2368 977 quam

319 978 427 1036 ipse
451 976 718 1022 conuentui
742 994 751 1032 ;
788 978 838 1021 et
871 990 1068 1035 semper
1104 976 1282 1035 recipit
1314 977 1563 1035 arreragia
1585 980 1931 1035 compotorum
1956 978 2294 1024 ministrorum
2319 983 2368 1026 et

321 1041 385 1086 de
409 1040 505 1084 hiis
528 1040 743 1098 receptis
767 1039 954 1084 nullum
990 1039 1158 1085 reddit
1193 1042 1515 1098 compotum;
1551 1042 1601 1085 et
1637 1039 1760 1086 dicit
1794 1041 1932 1102 quod
1967 1042 2136 1087 omnia
2171 1041 2368 1089 edificia

318 1103 605 1149 monasterii
646 1103 710 1148 de
749 1117 882 1148 nouo
919 1103 1069 1148 iacta⁸
1091 1106 1205 1148 sunt
1241 1103 1474 1162 expensis
1510 1103 1858 1149 communibus
1894 1107 1944 1150 et
1978 1105 2278 1163 elemosinis,
2303 1106 2370 1152 et⁴

316 1171 485 1213 tamen
509 1167 665 1212 abbas
689 1166 810 1212 dicit
833 1166 970 1228 quod
993 1167 1100 1226 ipse
1123 1166 1243 1212 fecit
1266 1166 1360 1212 hec
1385 1167 1563 1212 omnia.

447 1229 639 1288 (Abbas
676 1234 725 1275 et
762 1231 1026 1290 supprior.)
1112 1230 1239 1276 Item
1276 1244 1389 1276 cum
1426 1230 1491 1276 de
1528 1229 1890 1276 consuetudine
1929 1232 2216 1277 monasterii
2255 1233 2366 1278 sub-

322 1294 606 1340 cellerarius
629 1295 912 1354 perciperet
935 1294 1102 1340 omnia
1126 1294 1393 1339 commoda
1423 1293 1635 1340 ecclesie
1669 1294 1827 1340 sancti
1853 1293 2055 1340 Martini
2083 1295 2369 1356 Leycestrie

321 1358 387 1403 ad
422 1372 562 1402 vsum
600 1356 749 1403 officii
787 1358 874 1413 sui,
900 1372 997 1418 que
1034 1356 1310 1403 extendunt
1333 1371 1386 1403 se
1411 1358 1759 1403 communibus
1793 1359 1936 1402 annis
1970 1358 2035 1403 ad
2058 1373 2158 1404 xxx
2181 1359 2247 1416 li„
2271 1360 2370 1405 iam

322 1422 478 1467 abbas
502 1424 551 1466 et
575 1422 807 1480 supprior
842 1422 1124 1480 percipiunt
1160 1421 1328 1466 omnia
1364 1425 1413 1466 et
1449 1421 1667 1466 reddunt
1700 1421 2013 1467 subcellari0⁵
2034 1423 2193 1468 solum
2215 1437 2282 1469 xx
2303 1422 2370 1480 li„

322 1485 575 1530 residuum
611 1485 706 1530 sibi
743 1484 1068 1530 imbursando
1092 1485 1156 1530 de
1192 1498 1290 1544 quo
1327 1499 1428 1530 non
1468 1487 1791 1544 computant3
1827 1488 1877 1531 et
1910 1486 1982 1531 sic
2018 1485 2245 1532 fecerunt
2280 1501 2370 1547 per

322 1563 372 1594 ix
394 1562 566 1594 annos.

459 1610 761 1673 [Fo.105.]⁶
837 1611 1042 1672 (Abbas.
1090 1612 1172 1672 3².)
1242 1613 1368 1657 Item
1416 1611 1539 1657 dicit
1584 1611 1649 1656 de
1693 1611 2096 1671 multiplicator&
2129 1615 2181 1658 vt
2219 1627 2372 1673 supra

326 1676 584 1721 nominato
623 1676 846 1721 Roberto
883 1679 932 1721 et
968 1675 1234 1722 seruiente⁸
1268 1690 1359 1721 suo
1394 1675 1591 1721 Thoma
1626 1677 1678 1720 vt
1715 1690 1878 1735 supra,
1902 1679 1952 1722 et
1975 1676 2098 1722 dicit
2130 1677 2267 1738 quod
2301 1678 2373 1723 sic

322 1739 634 1798 diuulgatum
658 1743 732 1785 est
756 1740 805 1784 in
830 1740 1068 1799 partibus,
1089 1742 1138 1786 et
1160 1740 1302 1785 timet
1326 1739 1463 1800 quod
1487 1754 1576 1799 per
1600 1739 1695 1784 hec
1715 1738 2153 1799 dampnificabitur
2175 1755 2372 1787 monas-

324 1804 503 1848 terium
527 1818 616 1862 per
640 1803 893 1848 ministros
916 1804 1061 1862 regis.

458 1866 684 1927 (Abbas.)
754 1867 879 1912 Item
903 1867 1064 1913 credit
1087 1866 1243 1928 qu0d⁹
1264 1867 1421 1913 abbas
1455 1866 1665 1912 haberet
1698 1880 1760 1911 m.
1787 1866 1855 1923 122,
1881 1866 1922 1912 si
1956 1881 2047 1926 per
2081 1867 2211 1913 hanc
2243 1868 2374 1916 viam

328 1944 429 1976 non
453 1930 551 1975 sint
573 1934 884 1989 consumpta.

457 1992 661 2054 (Abbas.
698 1994 783 2054 5⁸.)
852 1995 979 2040 Item
1016 1994 1139 2040 dicit
1174 1994 1311 2056 quod
1348 1997 1460 2039 sunt
1497 1994 1626 2039 infra
1648 1994 2003 2040 monasterium
2025 1995 2076 2055 lij
2103 1995 2376 2042 seruientes

328 2058 576 2103 seculares
600 2062 650 2103 et
672 2058 723 2102 in
747 2058 1054 2119 verneyerde
1077 2057 1248 2118 xviij‚¹⁰
1269 2072 1479 2119 quorum
1504 2058 1671 2118 plures
1695 2061 1807 2103 sunt
1843 2058 2028 2104 nedum
2065 2059 2262 2105 inutiles
2285 2059 2374 2105 sed

325 2121 592 2180 dampnosi
616 2122 934 2168 monasterio.

458 2185 585 2230 Item
625 2185 747 2230 dicit
785 2185 922 2246 quod
966 2186 1123 2231 abbas
1167 2185 1320 2231 habet
1364 2185 1532 2245 plures
1575 2186 1701 2232 tales
1744 2185 1992 2232 seculares
2036 2187 2235 2246 ignotos
2279 2185 2373 2231 sibi

324 2247 642 2305 adherenteS,
667 2249 848 2310 quibus
871 2249 1093 2295 vltimate
1117 2249 1266 2294 fauet.

455 2311 660 2373 (Abbas.
699 2313 954 2372 Belgraue.
993 2313 1076 2371 6³².)
1162 2313 1288 2358 Item
1327 2312 1450 2358 dicit
1485 2312 1622 2374 quod
1659 2312 1817 2359 abbas
1851 2314 2042 2373 recepit
2077 2313 2142 2359 de
2176 2312 2374 2358 Thoma

329 2375 573 2434 Belgraue
609 2391 640 2421 v
676 2391 868 2422 marcas
904 2376 969 2422 ad
1006 2376 1242 2422 effectum
1278 2379 1331 2422 vt
1365 2376 1650 2422 absolueret
1686 2391 1799 2422 eum
1834 2391 1863 2422 a
1899 2377 2100 2438 sequela
2133 2377 2287 2431 chori,
2323 2378 2373 2422 et

327 2443 593 2500 postquam
617 2440 869 2486 conualuit
889 2441 953 2486 de
972 2439 1258 2487 infirmitate
1277 2444 1326 2486 et
1343 2441 1504 2500 potuit
1527 2440 1714 2486 leuari²¹
1730 2455 1905 2486 manus
1921 2441 1987 2486 ad
2003 2439 2374 2497 celebrandum,

323 2552 402 2589 and
431 2552 638 2601 adjoining
669 2553 796 2590 which
816 2566 916 2591 were
935 2554 1003 2591 the
1023 2564 1270 2602 apartments
1289 2553 1418 2590 called
1437 2552 1504 2590 the
1534 2553 1666 2602 king’s
1694 2553 1876 2602 ledging‚
1893 2566 1972 2591 was
1991 2567 2013 2590 a
2031 2553 2258 2603 courtyard.
2284 2552 2376 2590 with

323 2603 390 2640 the
409 2604 563 2640 abbot’s
583 2604 754 2654 lodging
774 2605 855 2654 (see
888 2616 982 2642 note
1003 2613 1024 2653 7
1045 2618 1095 2642 on
1117 2618 1157 2654 p.
1179 2614 1252 2653 207
1273 2604 1414 2654 above)
1446 2617 1496 2642 on
1529 2604 1597 2642 the
1616 2615 1701 2642 east
1720 2605 1822 2649 side,
1844 2605 1910 2642 the
1930 2604 2169 2642 rere—dorter
2195 2603 2379 2652 building

325 2667 375 2692 on
398 2654 465 2692 the
487 2656 619 2699 south,
639 2656 718 2693 and
739 2656 806 2694 the
826 2656 901 2693 end
922 2656 963 2693 of
980 2656 1048 2693 the
1069 2665 1223 2694 eastern
1244 2668 1365 2705 range
1384 2656 1426 2693 of
1443 2655 1510 2693 the
1530 2655 1688 2693 cloister
1706 2668 1756 2693 on
1777 2655 1844 2694 the
1861 2667 1971 2694 west.
2028 2655 2144 2694 From
2164 2655 2243 2693 this
2262 2667 2376 2693 court

324 2706 437 2743 there
456 2719 533 2743 was
552 2719 684 2744 access
702 2717 745 2743 to
763 2708 830 2744 the
860 2707 1060 2756 infirmary
1081 2707 1298 2756 buildings,
1316 2707 1443 2744 which
1475 2707 1668 2756 probably
1688 2707 1801 2744 stood
1828 2718 1870 2744 to
1890 2707 1957 2745 the
1976 2706 2212 2746 south-east.
2231 2707 2308 2744 and
2335 2717 2377 2743 to

325 2758 392 2794 the
411 2757 582 2804 cloister‚
601 2757 728 2795 which
760 2759 940 2796 followed
969 2759 1036 2796 the
1055 2758 1208 2796 normal
1236 2768 1528 2807 arrangement,
1546 2757 1640 2796 with
1669 2758 1736 2795 the
1765 2758 1910 2796 church
1930 2771 1979 2796 on
2008 2759 2076 2796 the
2096 2757 2227 2796 south.
2284 2756 2372 2795 The

324 2808 485 2855 church,
504 2808 643 2852 which,
663 2810 875 2859 according
894 2822 936 2847 to
955 2810 1021 2848 the
1039 2822 1194 2859 survey,
1214 2823 1293 2847 was
1312 2809 1449 2859 nearly
1480 2822 1522 2847 as
1541 2809 1640 2858 lofty
1658 2823 1700 2846 as
1719 2808 2000 2847 Westminster
2017 2810 2159 2858 abbey,
2175 2822 2255 2846 was
2283 2809 2378 2859 only

330 2859 401 2907 146
420 2859 501 2897 feet
518 2859 625 2908 long,
645 2861 738 2897 with
760 2875 782 2897 a
802 2871 981 2911 transept
1001 2861 1093 2907 and,
1114 2870 1153 2898 at
1182 2861 1251 2899 the
1279 2871 1374 2898 west
1404 2861 1496 2905 end,
1518 2874 1540 2897 a
1558 2860 1656 2909 high
1689 2872 1826 2907 tower‚
1848 2862 1886 2898 in
1907 2861 2034 2898 which
2054 2873 2133 2898 was
2152 2873 2173 2897 a
2191 2860 2379 2910 doorway

326 2911 425 2948 from
446 2911 514 2948 the
534 2911 641 2949 road.
700 2912 787 2949 The
819 2923 985 2950 western
1016 2925 1139 2962 range
1171 2913 1212 2949 of
1229 2912 1297 2951 the
1315 2912 1477 2950 cloister
1495 2923 1599 2949 must
1623 2911 1715 2949 thus
1734 2911 1833 2950 have
1854 2913 1954 2950 been
1974 2912 2080 2950 close
2098 2923 2142 2949 to
2167 2910 2236 2948 the
2262 2911 2373 2958 road,

326 2962 445 2999 while
466 2962 532 2999 the
552 2962 684 3007 frater,
704 2976 753 3000 on
774 2963 842 3001 the
862 2964 978 3001 north
999 2964 1100 3009 side,
1118 2977 1198 3002 was
1217 2962 1383 3013 parallel
1401 2963 1494 3001 with
1513 2963 1580 3000 the
1600 2963 1741 3001 walled
1760 2973 1875 3012 entry
1894 2974 1935 3000 to
1954 2963 2020 3001 the
2041 2963 2130 3001 site.

430 3014 441 3036 ¹
468 3020 524 3052 est
540 3014 749 3053 interlined
767 3017 844 3053 and
864 3017 1076 3054 cancelled.

426 3065 442 3088 ²
468 3071 524 3103 est
540 3067 751 3104 cancelled.

429 3115 444 3138 ³
467 3117 573 3164 facta
591 3119 774 3166 repeated
793 3118 918 3156 twice.

429 3167 444 3191 ⁴
471 3169 692 3206 nullatinus
707 3172 753 3207 de
769 3171 854 3207 suis
869 3183 918 3207 ex
932 3169 1146 3208 cancelled.

430 3217 445 3240 ⁶
473 3218 561 3256 Sic:
589 3220 649 3256 for
674 3221 951 3258 subcellerario.

328 3322 340 3367 (
357 3322 365 3329 ·
429 3268 535 3359 ἓιῖιῐ)
547 3271 612 3368 the
631 3271 731 3309 head
751 3272 796 3310 of
810 3273 875 3310 the
894 3273 974 3310 leaf
988 3274 1020 3311 is
1040 3273 1193 3311 written
1214 3273 1517 3310 Memorandum
1536 3271 1742 3310 scrutando
1757 3271 1919 3320 registro
1929 3277 2000 3321 pro
2012 3271 2166 3309 vicaria
2178 3273 2223 3308 de
2235 3269 2378 3317 Roteby

347 3334 409 3358 ue.
467 3334 490 3359 a
537 3335 561 3372 y
583 3349 591 3358 .

430 3371 446 3396 ⁷
473 3374 547 3411 Sic.

432 3423 448 3447 ⁸
476 3423 645 3462 Written
663 3424 711 3462 s'.·

431 3474 446 3498 9
471 3476 508 3513 si
526 3477 740 3514 cancelled.

415 3525 446 3548 ¹⁰
467 3533 496 3576 p
514 3528 731 3565 cancelled.

415 3576 444 3600 ¹¹
473 3577 562 3616 Sic:
591 3579 650 3616 for
676 3581 816 3618 leuare.

427 3647 439 3671 ¹
467 3648 552 3696 Le„
571 3657 611 3686 at
630 3662 705 3687 one
724 3663 767 3686 or
785 3650 899 3688 other
917 3651 958 3687 of
974 3650 1041 3688 the
1061 3650 1330 3688 universities.

424 3698 441 3722 ²
469 3700 543 3739 See
564 3702 767 3750 Ducange,
789 3714 859 3739 s.v.
882 3702 1014 3740 Trufa.

427 3749 442 3773 ⁸
471 3753 539 3788 Le.
577 3752 675 3790 from
696 3754 761 3790 the
780 3766 936 3791 mauors
953 3754 1168 3802 belonging
1185 3758 1227 3790 to
1241 3753 1308 3791 the
1325 3753 1461 3797 house,
1479 3753 1547 3790 the
1565 3752 1706 3790 bailiffs
1725 3752 1801 3790 and
1822 3750 2006 3791 stewards
2024 3750 2070 3787 of
2089 3749 2216 3791 which
2248 3747 2377 3789 would

321 3803 461 3840 render
482 3804 693 3854 periodical
712 3811 897 3843 accounts
915 3811 955 3843 to
974 3805 1040 3843 the
1061 3813 1250 3843 treasurer
1268 3817 1311 3844 or
1330 3804 1477 3847 bursar,
