2488 4296
246 363 368 421 118
720 357 1207 418 ALNWICK’S
1291 354 1856 417 VISITATIONS

243 522 479 580 priorissa
502 523 552 566 et
576 521 851 566 conuentus
875 518 997 565 dicti
1021 518 1132 574 loci,
1158 521 1331 578 parate
1354 521 1406 564 vt
1428 519 1660 578 apparuit
1697 517 1761 564 ad
1786 517 2099 564 subeundum
2123 518 2288 564 visita·

243 585 441 631 cionem
465 582 749 629 huiusmodi
771 599 780 638 ;
818 585 866 627 et
890 582 1076 627 deinde
1099 583 1261 641 primo
1285 585 1335 628 et
1357 582 1492 628 antel
1516 583 1828 642 propositum
1852 581 1945 626 fuit
1967 582 2174 628 verbum
2195 582 2290 646 Dei

244 647 519 693 secundum
563 646 866 692 auditorium
905 648 955 691 et
994 650 1134 691 actus
1178 645 1329 691 futuri
1375 646 1762 705 congruenciam
1807 660 1897 705 per
1942 645 2290 691 honorabilem

242 711 401 756 virum
441 710 732 769 magistrum
768 708 1048 770 Johannem
1086 709 1344 769 Beuerley,
1370 710 1666 755 canonicum
1707 709 2124 764 Lincolniensem,
2149 723 2290 755 sacre

245 774 427 834 pagine
463 772 815 833 professorem,
855 775 1147 833 sequentem
1185 772 1283 818 hoc
1327 772 1510 828 thema,
1551 777 1560 794 ‘
1584 772 1912 832 Egredimini,
1941 771 2049 832 filie
2083 772 2206 832 Syon
2240 774 2290 818 et

242 837 375 883 vide²
397 850 565 896 regem
591 835 939 890 Salamonem,’
966 835 1079 881 etc.⁸
1166 836 1277 895 Quo
1301 836 1352 881 in
1375 835 1566 895 vulgari
1590 836 1758 895 lingua
1781 835 2098 881 laudabiliter
2131 834 2288 891 finito,

244 901 480 959 priorissa
503 903 790 946 reuerenter
807 899 1029 958 porrexit
1048 898 1186 945 dicto
1204 899 1483 945 reuerendo
1499 900 1627 959 patri
1645 898 2050 945 certificatorium
2068 898 2290 944 mandati

245 963 367 1010 dicti
391 962 654 1010 reuerendi
679 963 833 1022 patris
858 962 1023 1008 eidem
1046 963 1282 1022 priorisse
1317 977 1410 1022 pro
1433 963 1725 1009 visitacione
1749 961 2034 1008 huiusmodi
2058 961 2291 1008 facienda

245 1027 436 1073 directi.
489 1027 599 1085 Quo
623 1041 712 1086 per
736 1026 926 1071 dictum
949 1025 1281 1072 reuerendum
1305 1029 1499 1085 patrem
1523 1029 1741 1086 recepto,
1768 1028 1818 1071 et
1842 1025 1906 1071 de
1930 1026 2034 1071 eius
2052 1025 2290 1071 mandato

244 1091 294 1136 in
319 1090 520 1149 publica
542 1090 806 1135 audiencia
828 1089 1066 1149 perlecto,
1087 1089 1225 1134 cuius
1248 1092 1393 1136 tenor
1415 1089 1527 1134 talis
1549 1092 1638 1143 est,
1666 1092 1675 1112 ‘
1698 1088 1997 1135 Reuerendo
2020 1089 2071 1134 in
2090 1089 2291 1135 Christo

243 1153 402 1212 patri,'
428 1157 538 1208 etc.,
565 1154 701 1199 dicta
725 1154 975 1212 priorissa,
1001 1152 1237 1199 videlicet
1261 1152 1466 1199 domina
1491 1152 1705 1199 Matilda
1727 1153 1904 1214 James,
1930 1153 2111 1198 iurauit
2132 1151 2289 1199 fideli-

243 1219 397 1263 tatem
434 1220 484 1263 et
520 1217 872 1263 obedienciam
908 1216 1115 1262 domino
1152 1217 1202 1261 in
1238 1215 1400 1261 forma
1435 1219 1687 1262 consueta.
1756 1216 1904 1275 Quod
1934 1215 2138 1277 quidem
2161 1216 2286 1262 iura-

243 1284 466 1326 mentum
503 1280 639 1326 idem
676 1280 982 1326 reuerendus
1018 1283 1161 1339 pater
1183 1280 1275 1325 sub
1299 1281 1670 1339 protestacione
1693 1279 1830 1340 quod
1854 1279 2090 1325 exhibeat
2113 1278 2289 1325 confir-

244 1345 524 1390 macionem
562 1344 829 1391 eleccionis
866 1358 953 1390 sue
988 1343 1190 1389 admisit
1216 1361 1225 1400 ;
1261 1346 1311 1389 et
1345 1343 1462 1405 quia
1497 1358 1608 1389 eam
1646 1358 1741 1389 non
1777 1342 2017 1398 exhibuit,
2056 1342 2289 1389 dominus

242 1408 514 1467 assignauit
551 1407 716 1454 eidem
752 1407 1027 1469 quemlibet
1063 1407 1199 1452 diem
1233 1407 1359 1452 citra
1395 1406 1578 1452 festum
1609 1407 1881 1453 natiuitatis
1906 1406 2095 1452 domini
2129 1407 2288 1453 sancti

241 1471 482 1532 Johannis
507 1472 733 1530 Baptiste
756 1472 982 1530 proxime
1006 1471 1226 1516 futurum
1249 1470 1314 1516 ad
1338 1469 1639 1517 sufficienter
1663 1470 1962 1516 docendum.
2002 1470 2067 1515 Et
2086 1469 2284 1527 deinde,

242 1536 359 1596 quia
395 1535 644 1581 dominus4
666 1535 791 1580 vidit
827 1535 1025 1580 oculata
1059 1533 1161 1580 fide
1198 1534 1439 1580 moniales
1463 1547 1638 1594 gerere
1659 1534 1770 1580 vela
1794 1548 1882 1579 sua
1904 1534 2030 1580 vltra
2054 1537 2104 1580 et
2137 1548 2287 1594 supra

242 1598 433 1645 frontes
469 1602 683 1654 extenta,
708 1599 920 1644 iniunxit
957 1598 1121 1644 eidem
1157 1598 1393 1657 priorisse
1429 1599 1479 1643 in
1515 1598 1696 1644 virtute
1731 1597 2029 1644 obediencie
2061 1597 2285 1658 prestita⁶

241 1662 379 1723 quod
405 1663 523 1722 ,ipsa
559 1665 699 1722 gerat
735 1665 784 1708 et
819 1662 971 1708 faciat
1007 1676 1205 1708 sorores
1242 1676 1355 1707 suas
1391 1674 1566 1721 gerere
1602 1661 1713 1708 vela
1736 1663 2002 1723 suajvsque
2025 1661 2090 1707 ad
2113 1661 2286 1708 oculos

242 1740 358 1772 suos
392 1729 606 1772 extenta.

372 1790 589 1836 Domina
614 1789 825 1835 Matilda
847 1790 1024 1851 James,
1049 1789 1299 1848 priorissa,
1326 1789 1448 1836 dicit
1465 1788 1601 1851 quod
1620 1789 1798 1835 domus
1816 1791 1982 1848 potest
2000 1788 2286 1849 expendere

242 1854 499 1899 annuatim
522 1854 572 1899 xl
596 1853 643 1899 li.
671 1856 679 1864 ‘

370 1917 522 1963 Soror
549 1917 832 1976 Margareta
854 1917 1090 1973 Thomas,
1117 1917 1462 1976 suppriorissa,
1489 1916 1612 1963 dicit
1635 1915 1772 1978 quod
1795 1916 2033 1976 priorissa
2054 1916 2287 1964 licenciat

242 1981 483 2027 moniales
507 1982 708 2027 visitare
731 1983 964 2041 parentes
987 1995 1101 2026 suas
1125 1995 1214 2039 per
1238 1981 1568 2040 septimanam
1592 1979 1767 2026 totam⁶
1790 1995 1922 2040 sepe.

369 2045 520 2091 Soror
546 2044 756 2090 Matilda
778 2045 1001 2092 Gastone
1025 2043 1148 2089 dicit
1169 2044 1337 2090 omnia
1359 2045 1499 2090 bene.

369 2108 522 2154 Soror
545 2108 792 2155 Cristiana
814 2107 1122 2154 Warnforde
1146 2107 1270 2153 dicit
1291 2108 1429 2170 quod
1453 2108 1620 2154 omnia
1643 2108 1784 2154 bene.

369 2172 520 2218 Soror
542 2172 701 2218 Alicia
726 2172 1018 2232 Langspray
1040 2171 1163 2217 dicit
1185 2171 1322 2233 quod
1345 2172 1514 2217 omnia
1536 2173 1677 2218 bene.

368 2236 520 2282 Soror
543 2235 711 2295 Agnes
737 2235 1006 2295 Englefeld
1030 2235 1153 2281 dicit
1174 2235 1312 2296 quod
1335 2236 1504 2281 omnia
1527 2235 1669 2282 bene.

368 2299 518 2346 Soror
540 2299 769 2360 Johanna
792 2299 1098 2346 Cauersham
1122 2298 1244 2344 dicit
1267 2298 1404 2360 quod
1427 2300 1595 2345 omnia
1618 2299 1760 2346 bene.

369 2363 520 2410 Soror
546 2363 830 2423 Margareta
853 2362 1067 2409 Coksale
1090 2362 1212 2408 dicit
1234 2362 1376 2424 quod
1399 2363 1566 2409 omnia
1588 2363 1734 2410 bene.

372 2426 552 2473 Postea
575 2427 891 2487 congregatis
909 2425 1057 2472 dictis
1074 2427 1311 2486 priorissa
1329 2429 1378 2472 et
1395 2429 1649 2472 conuentu
1667 2441 1836 2473 coram
1854 2425 1991 2473 dicto
2009 2425 2288 2473 reuerendo

240 2493 381 2550 patre
422 2491 473 2536 in
498 2491 635 2537 dicta
675 2490 828 2536 domo
874 2489 1134 2550 capitulari
1180 2490 1262 2536 die
1307 2490 1578 2547 antedicto,
1625 2490 1761 2537 idem
1807 2490 2113 2536 reuerendus
2146 2492 2288 2550 pater

239 2555 582 2601 visitacionem
605 2569 745 2601 suam
769 2553 1054 2600 huiusmodi
1078 2553 1318 2600 dissoluit.

344 3531 356 3555 ¹
385 3533 509 3569 omnia
535 3531 718 3570 omitted.

345 3584 360 3607 '2
387 3582 479 3620 Sic:
508 3583 566 3620 for
594 3582 727 3620 videte.

341 3633 357 3657 ³
384 3633 501 3672 Cant.
529 3643 595 3678 111,
626 3643 686 3671 11.

340 3685 355 3709 ⁴
382 3687 560 3722 iniunxit
583 3683 801 3722 cancelled.

341 3736 356 3760 ⁵
384 3738 475 3775 Sic:
504 3737 564 3773 for
585 3738 753 3786 prestite.

341 3787 357 3811 ⁶
387 3787 586 3838 Probably
605 3793 732 3835 totam,
753 3788 822 3825 but
844 3787 912 3825 the
935 3788 1040 3826 word
1061 3789 1093 3826 is
1112 3788 1279 3826 difficult
1298 3797 1339 3826 to
1356 3788 1472 3827 make
1492 3797 1572 3827 out.

2480 1199 2481 1203 Α
2481 1185 2484 1191 -
2482 1133 2488 1175 ...Α
2478 1093 2488 1123 μ’.
2483 1082 2486 1087 -
2472 939 2488 1072 „faci-:ant
2476 804 2488 932 ›rath-nm
2474 757 2488 794 Ena
2468 673 2488 743 24*st
2478 664 2485 667 τ
2470 603 2488 658 ..s-iz
2467 431 2488 598 κνᾱῖω-ει
