2488 4296
340 392 447 456 [69
797 385 1284 444 ALNWICK'S
1368 385 1935 444 VISITATIONS

336 544 562 603 partibus
606 542 836 588 exercite.
932 541 1111 587 Postea
1156 542 1382 587 exhibuit
1427 541 1866 588 confirmacionem
1905 542 2173 589 eleccionis
2205 557 2299 589 'sue
2339 546 2390 590 et

337 606 733 652 installacionem
757 619 910 659 suam,
936 619 1145 666 quarum
1168 606 1341 664 copias
1365 605 1589 650 nondum
1618 605 1806 651 dimisit
1842 620 1998 665 penes
2033 608 2388 666 registrarium.

340 671 520 716 Postea
544 669 770 715 exhibuit
793 671 975 713 statum
1011 667 1189 713 domus
1225 683 1325 729 quo
1360 672 1435 714 est
1469 669 1565 714 isto
1602 668 1685 714 die
1722 669 1772 713 in
1809 669 2128 729 compendio,
2164 670 2255 715 sed
2289 685 2390 716 non

339 733 564 779 exhibuit
588 746 688 793 quo
713 731 919 777 domum
943 732 992 776 in
1018 732 1243 790 ingressu
1267 733 1340 777 sui
1366 731 1515 777 officii
1538 732 1676 777 illum
1713 733 1917 792 recepit.
2009 732 2189 779 Postea
2225 748 2389 779 exam-

338 798 501 842 inatus
527 795 648 841 dicit
673 810 731 840 ea
755 810 852 856 que
877 798 1160 855 sequuntur.

470 859 643 904 Frater
670 859 919 904 Robertus
945 858 1267 917 Ludbuighe,
1294 859 1443 917 prior,
1470 858 1593 904 dicit
1616 857 1753 919 quod
1776 859 1910 904 circa
1934 859 2235 905 decennium
2268 874 2392 906 vnus

340 938 513 969 eorum
536 921 803 976 confrater,
831 922 1032 967 nomine
1072 922 1316 967 Ricardus
1355 922 1504 978 Leke,
1529 922 1864 980 apostatando
1901 923 2020 968 exiit
2057 925 2107 968 et
2141 923 2394 982 ingressus

341 989 416 1033 est
461 986 691 1032 ordinem
731 986 1011 1031 minorum:
1048 986 1174 1044 petit
1206 988 1375 1031 tamen
1411 986 1590 1031 iterum
1626 985 1838 1042 admitti,
1877 987 1918 1030 si
1954 988 2160 1045 propter
2197 987 2294 1032 hoc
2331 1001 2395 1033 ex

342 1050 510 1109 gracia
535 1048 854 1095 concedatur.

473 1113 599 1158 Item
637 1113 759 1157 dicit
796 1112 933 1173 quod
970 1113 1199 1158 canonici
1237 1127 1299 1158 ex
1335 1111 1699 1158 consuetudine
1736 1115 1973 1158 exercent
2010 1112 2184 1158 ludum
2221 1112 2396 1159 tabell·
2443 1153 2447 1156 .

343 1191 498 1222 arum.

471 1240 597 1285 Item
623 1239 745 1284 dicit
768 1240 905 1300 quod
929 1240 1134 1286 iuuenes
1159 1240 1491 1286 informantur
1514 1242 1564 1285 in
1585 1240 1849 1299 primitiuis
1868 1240 2097 1286 scienciis
2115 1241 2165 1285 in
2185 1240 2397 1286 ecclesia

340 1303 634 1363 parochiali.
1029 1334 1037 1339 .

470 1367 598 1412 Item
639 1365 761 1412 dicit
798 1366 935 1427 quod
974 1367 1247 1413 elemosina
1269 1367 1366 1413 iam
1393 1381 1551 1426 nuper
1575 1381 1664 1426 per
1689 1366 1962 1413 secularem
1986 1366 2314 1426 colligebatur
2347 1369 2398 1412 et

343 1445 432 1490 per
457 1431 769 1489 superuisum
792 1431 935 1475 Vnius
960 1432 1188 1476 canonici
1213 1434 1318 1476 erat
1343 1430 1609 1476 distributa
1631 1448 1640 1477 t
1677 1431 1830 1476 modo
1864 1433 2025 1476 totum
2056 1429 2111 1475 fit
2134 1445 2223 1489 per
2247 1445 2397 1476 vuum

345 1508 658 1540 canonicum.

476 1558 649 1603 Frater
707 1557 951 1602 Ricardus
1010 1557 1331 1618 Ingoldesby,
1389 1558 1634 1616 supprior,
1688 1557 1810 1603 dicit
1865 1557 2002 1618 quod
2057 1558 2198 1616 pueri
2254 1557 2400 1602 nimis

344 1621 662 1682 frequentem
685 1635 942 1677 accessum
968 1621 1156 1666 habent
1180 1623 1230 1666 in
1255 1622 1463 1667 chorum
1489 1625 1716 1680 tempore
1741 1621 2041 1666 diuinorum.

478 1685 603 1730 Item
641 1684 763 1730 dicit
799 1685 936 1745 quod
973 1681 1294 1746 aliquociens,
1321 1700 1434 1731 cum
1459 1683 1588 1729 filius
1610 1685 1690 1729 vel
1712 1684 1938 1730 officiarii
1973 1684 2163 1730 domini
2197 1684 2402 1729 veniunt

348 1749 413 1793 ad
437 1748 617 1803 villam,
643 1748 709 1792 ad
734 1762 905 1793 eorum
931 1753 1159 1806 rogatum
1188 1749 1416 1794 canonici
1442 1748 1506 1793 de
1529 1748 1739 1793 licencia
1776 1749 1956 1807 prioris
1992 1747 2318 1793 commedunt
2352 1750 2402 1792 et

350 1812 529 1857 bibunt
551 1825 666 1856 cum
690 1812 810 1870 ipsis
834 1812 884 1856 in
909 1812 1024 1857 villa
1049 1812 1112 1857 de
1139 1813 1312 1872 Kyma.
1384 1812 1494 1857 Fiat
1517 1812 1781 1857 iniunccio.

481 1876 607 1920 Item
646 1875 767 1921 dicit
804 1875 941 1935 quod
983 1875 1198 1935 Blytone
1237 1875 1453 1921 intendit
1491 1875 1850 1921 venacionibus
1891 1889 2003 1919 cum
2042 1873 2172 1920 filius
2212 1874 2404 1919 domini

350 1938 499 1984 suerit
539 1953 759 1997 presenS,
801 1942 849 1984 et
895 1939 1114 1984 custodit
1160 1954 1309 1984 canes
1354 1953 1469 1984 suos
1514 1938 1784 1994 venaticos,
1826 1952 1927 1983 non
1974 1942 2131 1983 tamen
2171 1937 2404 1997 expensis

352 2002 546 2047 domus.
619 2002 841 2047 Monitus
866 2005 940 2047 est
963 2002 1100 2063 quod
1125 2003 1361 2048 decetero
1386 2002 1565 2047 similia
1589 2016 1689 2047 non
1713 2001 1876 2047 faciat.

482 2066 609 2111 Item
654 2066 780 2124 petit
826 2069 875 2110 vt
925 2066 1189 2111 humanius
1244 2066 1568 2125 prouideatur
1624 2066 1880 2111 canonicis
1933 2063 2299 2110 infirmantibus
2353 2064 2403 2109 in

351 2128 622 2238 infigmaria
666 2144 815 2190 quam
859 2129 1021 2186 solito,
1063 2132 1113 2175 et
1158 2130 1257 2176 hoc
1302 2130 1351 2174 in
1397 2129 1657 2186 focalibus,
1699 2130 1748 2174 in
1794 2129 1920 2174 cibis
1969 2128 2311 2174 subtilioribus
2356 2130 2407 2173 et

354 2207 433 2238 me
475 2207 629 2238 icin1S.

483 2256 610 2327 Item
635 2257 758 2302 dicit
781 2256 918 2317 quod
942 2257 1151 2316 quilibet
1175 2257 1447 2303 canonicus
1471 2256 1708 2302 sacerdos
1731 2255 1946 2315 percipit
1983 2255 2047 2301 ad
2084 2256 2316 2301 vestitum
2355 2255 2404 2300 in

352 2334 484 2364 anno
510 2334 629 2379 vas.

484 2383 658 2428 Frater
681 2383 905 2430 Thomas
931 2385 1199 2444 Kyngtone
1224 2383 1346 2430 dicit
1369 2384 1507 2445 quod
1531 2383 1816 2429 cellerarius
1834 2397 1947 2428 cum
1967 2385 2136 2442 posset
2154 2396 2254 2427 nou
2273 2382 2408 2427 venit

353 2445 419 2491 ad
443 2446 653 2492 chorum
676 2450 905 2507 tempore
929 2448 1214 2493 diuinorum
1239 2447 1303 2493 de
1328 2448 1410 2493 die
1435 2450 1484 2493 et
1509 2447 1573 2493 de
1598 2450 1760 2493 nocte.

419 2573 427 2581 ⁴
485 2510 660 2580 Frater
682 2511 905 2557 Thomas
932 2512 1127 2557 Marum
1153 2512 1276 2557 dicit
1299 2511 1436 2572 quod
1460 2510 1678 2556 officium
1717 2510 2027 2572 conquinarii
2064 2512 2140 2555 est
2176 2510 2243 2568 in⁴
2261 2523 2407 2554 manu

354 2587 547 2632 prioris.

484 2638 612 2684 Item
657 2637 780 2684 dicit
824 2638 961 2699 quod
1007 2638 1237 2685 clericus1
1282 2639 1494 2685 ecclesie
1539 2640 1615 2684 est
1659 2638 1895 2684 remissus
1941 2639 1991 2683 et
2031 2636 2321 2696 necgligens
2359 2635 2408 2680 in

353 2700 602 2759 pulsando
626 2702 692 2746 ad
715 2701 877 2748 horas.

484 2765 611 2810 Item
636 2765 759 2810 dicit
783 2765 847 2811 de
871 2765 1079 2812 infirmis
1102 2768 1154 2811 vt
1179 2780 1341 2825 supra.

484 2828 658 2874 Frater
681 2829 905 2875 Thomas
931 2830 1170 2886 Durham‚
1197 2832 1365 2875 custos
1389 2829 1582 2888 capelle
1606 2829 1764 2874 sancti
1783 2828 1980 2874 Thome
2005 2826 2409 2881 deNortholme,

356 2890 478 2936 dicit
502 2892 639 2952 quod
663 2892 1052 2939 distribuciones
1077 2892 1242 2938 fiende
1266 2894 1316 2938 in
1341 2894 1562 2939 obitibus
1598 2906 1690 2952 pro
1728 2892 1935 2938 domino
1975 2891 2104 2937 inter
2143 2890 2414 2936 canonicos

357 2958 617 3013 presentes
662 2955 1034 3002 subtrahuntur.
1128 2957 1268 3002 Prior
1308 2957 1431 3003 dicit
1469 2957 1607 3018 quod
1646 2956 1900 3017 quamcito
1945 2954 2170 3001 redditus
2208 2953 2275 2999 ad
2314 2953 2413 2998 hoc

359 3018 596 3076 assignati
621 3022 831 3078 possunt
854 3020 1009 3065 leuari
1032 3019 1156 3065 fiunt
1181 3021 1567 3066 distribuciones
1592 3019 1892 3065 huiusmodi.

459 3129 470 3152 ¹
499 3143 535 3167 es
553 3132 769 3169 cancelled.

458 3219 469 3242 ¹
498 3221 628 3259 There
648 3221 679 3259 is
699 3233 751 3259 no
771 3223 905 3260 record
925 3222 968 3259 of
983 3223 1103 3261 these.
1164 3223 1238 3261 See
1269 3224 1498 3261 V1·sitati0ns
1519 3233 1548 3268 1,
1570 3222 1633 3267 81,
1657 3228 1750 3260 note
1771 3232 1802 3259 1.

458 3270 474 3293 2
502 3272 629 3310 Seven
661 3285 863 3311 surnames
893 3282 960 3311 out
995 3275 1040 3311 of
1063 3275 1198 3312 eleven
1230 3288 1296 3312 are
1324 3275 1483 3312 derived
1513 3275 1612 3311 from
1641 3275 1773 3323 places
1801 3274 1841 3311 in
1873 3272 2161 3317 Lincolnshire,
2182 3271 2274 3315 viz.,
2297 3269 2404 3308 Lud-

353 3324 548 3371 borough‚
580 3324 810 3373 Ingoldsby‚
847 3326 1065 3371 Mareham,
1101 3327 1259 3374 Blyton‚
1291 3326 1510 3370 Sutterton,
1544 3325 1737 3375 Spalding
1765 3325 1842 3362 and
1875 3326 2036 3362 Boston
2094 3323 2272 3360 Feltwell
2304 3323 2337 3358 is
2364 3321 2405 3358 in

359 3374 545 3419 Norfolk,
580 3387 673 3412 near
706 3377 771 3413 the
804 3377 965 3414 borders
997 3378 1038 3414 of
1069 3378 1221 3415 Suffolk
1253 3378 1330 3414 and
1366 3377 1721 3426 Cambridgeshire.
1792 3377 1969 3413 Durham
2001 3375 2079 3412 and
2113 3374 2304 3423 Kington‚
2339 3372 2406 3409 the

357 3426 503 3462 second
534 3426 579 3462 of
606 3426 733 3464 which
754 3433 898 3464 cannot
928 3428 977 3465 be
997 3428 1200 3466 identified
1221 3429 1314 3466 with
1335 3429 1541 3477 certainty,
1562 3441 1628 3465 are
1648 3429 1686 3464 in
1705 3428 1851 3465 distant
1871 3435 1977 3477 parts
1997 3427 2040 3464 of
2066 3426 2265 3475 England.
2321 3424 2409 3462 One

355 3488 485 3520 name,
510 3478 639 3522 Mace,
663 3478 694 3515 is
714 3484 782 3515 not
802 3491 825 3515 a
845 3479 1103 3527 place-name.

458 3526 473 3549 3
500 3528 571 3565 I.e.
594 3528 895 3579 backgammon.
955 3531 1016 3569 Cf.
1038 3531 1229 3576 Chaucer,
1261 3534 1373 3568 Cant.
1401 3531 1512 3568 Tales
1532 3540 1568 3575 F,
1588 3540 1689 3578 900:

817 3594 930 3643 They
949 3594 1143 3641 dauncen,
1164 3596 1242 3633 and
1263 3596 1356 3643 they
1375 3595 1515 3645 pleyen
1535 3601 1575 3631 at
1594 3594 1685 3631 ches
1703 3593 1781 3631 and
1800 3593 1938 3631 tables.

363 3652 578 3697 HaHiwell,
597 3666 671 3691 s.v.
694 3654 851 3700 Tables,
874 3662 986 3693 notes
1016 3656 1100 3693 that
1131 3657 1196 3694 the
1224 3669 1340 3698 name
1371 3669 1451 3694 was
1480 3656 1638 3706 applied
1670 3664 1710 3692 to
1742 3667 1819 3704 any
1837 3666 1950 3704 game
1969 3652 2110 3703 played
2131 3651 2223 3689 with
2245 3663 2267 3688 a
2285 3649 2407 3688 board
2484 3670 2488 3675 ·

361 3704 439 3740 and
459 3704 556 3742 dice.
617 3705 692 3743 See
713 3706 915 3754 Ducange,
939 3719 1009 3744 s.v.
1035 3708 1202 3753 Tabula,
1225 3708 1443 3745 Tablizare.

467 3754 483 3777 ⁴
509 3756 595 3792 The
615 3757 744 3805 parish
764 3757 909 3795 church
931 3770 1008 3795 was
1026 3758 1065 3795 in
1086 3759 1151 3796 the
1170 3771 1270 3796 nave
1289 3759 1333 3796 of
1346 3759 1413 3796 the
1431 3758 1563 3808 priory
1581 3757 1740 3795 church.
1798 3758 1887 3793 Part
1917 3757 1960 3793 of
1986 3755 2052 3792 the
2071 3767 2171 3792 nave
2189 3754 2266 3791 and
2295 3752 2408 3790 south

364 3805 472 3851 aide,
495 3807 724 3862 containing
755 3808 943 3846 beautiful
973 3809 1081 3847 work
1111 3811 1157 3846 of
1180 3810 1246 3849 the
1276 3809 1497 3852 fourteenth
1523 3815 1699 3864 century,
1721 3808 1754 3844 is
1771 3808 1851 3846 still
1871 3808 1910 3844 in
1929 3819 2026 3858 use;
2053 3807 2122 3844 but
2142 3806 2207 3842 the
2234 3810 2311 3848 rest
2339 3803 2408 3846 has
