2488 4296
403 374 517 432 137
595 336 599 340 ’
855 357 1342 414 ALNWICK’s
1428 355 1992 415 V1s1TAT10Ns

403 514 655 572 corrigere
692 515 742 558 et
777 512 930 558 refert
963 511 1033 557 illi
1067 512 1341 572 magistro;
1377 515 1427 558 et
1466 512 1815 575 delinquentes
1848 510 2220 572 paruipendunt
2254 524 2449 557 correc-

405 579 576 624 ciones
609 577 751 621 istius
797 575 1112 634 deponentis.
1529 616 1534 618 .

538 640 665 685 Item
690 639 812 684 dicit
837 638 902 683 de
927 638 1134 684 domino
1158 637 1417 684 Willelmo
1442 638 1742 685 Caluertone
1765 641 1817 684 vt
1840 652 2003 698 supra.

539 701 794 764 (Irlande.)
867 701 994 746 Item
1032 700 1156 747 dicit
1194 701 1332 762 quod
1375 701 1625 748 Robertus
1663 701 1878 758 Irlande‚
1904 701 2128 756 clericus,
2169 700 2457 762 frequentat

410 767 615 812 domum
655 765 789 810 dicte
831 764 1080 822 Margerie
1121 763 1522 825 Chaumberleyn
1562 767 1796 824 suspecto
1833 764 1998 810 modo.
2081 763 2372 823 Comparuit
2406 766 2457 809 et

409 832 559 888 negat
598 829 787 874 crimen
808 844 820 884 3
838 830 1023 872 'tamen
1064 827 1282 873 monitus
1322 830 1397 873 est
1437 829 1529 873 sub
1569 842 1700 887 pena
1745 827 2286 874 excommunicacionis
2319 826 2457 888 quod

411 893 629 938 desistat.
2119 919 2121 921 ·

539 953 783 1014 (Omnes.)
853 954 980 999 Item
1017 952 1140 999 dicit
1176 953 1314 1015 quod
1349 954 1473 999 socii
1497 956 1736 999 exeuntes
1758 953 2026 1012 collegium
2049 953 2115 999 ad
2138 953 2324 999 solacia
2354 967 2456 999 non

410 1021 588 1079 petunt
611 1018 874 1063 licenciam
900 1016 1116 1062 exeundi
1139 1032 1168 1062 a
1192 1017 1431 1075 magistro
1455 1031 1548 1062 nec
1572 1016 1908 1062 vicecustodis
1932 1019 2106 1063 contra
2129 1019 2327 1062 statuta.

539 1079 775 1141 (Clerici.)
813 1080 939 1125 Item
964 1079 1086 1125 dicit
1109 1079 1246 1141 quod
1269 1079 1438 1126 clerici
1461 1082 1662 1125 vtuntur
1685 1079 1861 1125 habitu
1882 1080 1948 1125 ad
1971 1080 2194 1126 modum¹
2215 1080 2456 1126 laicorum

409 1143 599 1204 aptum2
643 1147 693 1189 et
737 1143 1024 1189 confectum
1079 1146 1255 1188 contra
1302 1142 1517 1188 formam
1561 1145 1872 1199 statutorum,
1919 1157 2016 1204 que
2072 1143 2264 1189 dictant
2318 1141 2457 1204 quod

410 1208 654 1254 haberent
690 1205 907 1252 habitum
946 1205 1202 1262 talarem⁸;
1238 1208 1289 1251 et
1323 1207 1421 1251 iam
1454 1206 1643 1252 habent
1667 1209 1794 1265 togas
1817 1220 1970 1268 vsque
1994 1205 2059 1252 ad
2095 1219 2258 1266 genua
2281 1205 2455 1253 decur-

410 1274 538 1317 tatas
563 1273 612 1316 et
637 1285 786 1330 super
811 1270 1047 1315 humeros
1071 1272 1284 1328 rugatas.

540 1333 764 1394 (Drury.)
834 1333 1080 1378 Dominus
1116 1332 1400 1378 Willelmus
1438 1332 1811 1392 Blaunkepayn‚
1837 1335 2003 1379 rector
2026 1333 2274 1379 scolarum
2296 1346 2458 1392 gram·

412 1397 714 1443 maticalium
740 1396 943 1452 ibidem,
964 1396 1086 1441 dicit
1108 1395 1245 1457 quod
1269 1396 1532 1441 subcustos
1556 1398 1631 1441 est
1653 1397 1834 1442 incitus
1857 1399 2032 1443 contra
2056 1411 2169 1442 eum
2193 1399 2243 1443 et
2261 1410 2459 1456 semper

410 1459 643 1506 insideat⁴
666 1460 711 1506 ei
735 1460 926 1520 absque
950 1474 1099 1504 causa
1124 1461 1174 1504 et
1198 1458 1417 1505 detrahit
1441 1459 1535 1504 sibi
1559 1459 1771 1504 absenti.

540 1522 785 1585 (Omnes.)
854 1522 1108 1584 Johannes
1133 1522 1391 1579 Sherman,
1418 1522 1628 1568 clericus
1652 1522 1864 1582 collegii,
1892 1523 2015 1569 dicit
2038 1523 2175 1585 quod
2199 1523 2459 1569 silencium

411 1602 513 1633 non
550 1588 845 1632 obseruatur
881 1586 931 1631 in
957 1586 1128 1642 choro,
1155 1589 1204 1631 et
1227 1586 1365 1647 quod
1402 1585 1627 1631 diuinum
1651 1587 1918 1632 seruicium
1940 1587 2179 1633 indeuote
2202 1590 2252 1633 et
2275 1586 2459 1645 necgli-

412 1653 588 1710 genter
613 1651 918 1704 decantatur,
945 1652 994 1695 et
1018 1649 1155 1710 quod
1177 1651 1406 1708 tempore
1430 1648 1588 1694 diuini
1611 1650 1809 1696 seruicii
1832 1650 2100 1696 intendunt
2123 1649 2458 1696 confabulaci-

414 1714 594 1760 onibus
619 1716 667 1759 et
691 1713 1131 1759 collocucionibus.
1876 1747 1881 1750 .

540 1776 778 1837 (Custos.)
830 1777 957 1821 Item
982 1776 1104 1822 dicit
1128 1775 1264 1835 quod
1289 1775 1517 1822 defectus
1541 1775 1827 1822 huiusmodi
1851 1791 1952 1822 non
1976 1777 2303 1836 corriguntur,
2323 1776 2459 1838 quod

413 1840 632 1900 capitula
668 1855 769 1885 non
806 1840 1120 1886 celebrantur
1145 1840 1515 1898 septimanatim
1541 1857 1550 1896 3
1586 1854 1703 1885 nam
1727 1841 1963 1899 magister
1987 1843 2062 1886 est
2085 1841 2232 1886 nimis
2255 1841 2460 1900 paciens

412 1907 462 1950 et
498 1903 665 1960 mitis‚⁵
688 1907 738 1949 et
775 1904 815 1948 si
852 1904 960 1962 ipse
996 1905 1274 1962 apponeret
1310 1903 1375 1948 ad
1413 1903 1767 1962 corrigendum
1803 1903 1921 1949 talia
1957 1918 2132 1949 manus
2168 1904 2458 1960 seueriores‚

413 1967 569 2013 multo
594 1967 770 2012 melius
793 1966 924 2011 foret
946 1966 996 2011 in
1021 1967 1288 2025 premissis.
1360 1966 1418 2011 In
1442 1967 1622 2012 ceteris
1645 1967 1855 2012 multum
1879 1967 2113 2013 notabilis
2137 1970 2224 2014 est.

540 2031 785 2089 (Omnes.)
856 2030 983 2075 Item
1029 2029 1152 2075 dicit
1196 2029 1333 2091 quod
1378 2029 1580 2075 desides
1624 2033 1675 2076 et
1719 2030 2060 2090 necgligentes
2104 2034 2211 2076 sunt
2253 2030 2366 2076 socii
2409 2031 2460 2076 in

411 2093 663 2139 veniendo
699 2093 765 2138 ad
803 2093 952 2139 horas
989 2093 1256 2139 canonicas
1292 2095 1342 2139 et
1378 2093 1569 2149 missas,
1595 2096 1645 2139 et
1668 2093 1767 2140 hoc
1789 2097 1997 2154 propter
2020 2094 2276 2140 defectum
2298 2094 2460 2153 pulsa-

410 2157 570 2203 cionis
609 2156 674 2202 ad
714 2156 877 2212 horas,
919 2156 1056 2218 quod
1102 2170 1202 2202 non
1242 2155 1454 2202 habetur
1492 2156 1671 2218 aliquis
1715 2157 1781 2202 ad
1826 2157 2112 2204 huiusmodi
2145 2157 2460 2218 pulsaciones

410 2220 475 2266 de
515 2222 691 2266 utatus.

478 2234 511 2280 p
543 2283 661 2344 [Fo.
687 2282 827 2343 36d.]
901 2283 1234 2341 (Caluertone,
1261 2282 1493 2345 Munde.)
1530 2284 1658 2329 Item
1685 2284 1807 2330 dicit
1830 2284 1967 2346 quod
1991 2284 2196 2346 quidam
2214 2284 2459 2344 capellani

409 2346 608 2406 collegii
647 2349 850 2392 vtuntur
885 2346 1049 2405 longis
1086 2346 1331 2393 baslardis
1369 2348 1461 2392 sub
1484 2348 1616 2405 togis
1640 2348 1755 2404 suis,
1781 2348 1847 2393 ad
1871 2362 2021 2409 quam
2044 2363 2150 2394 rem
2174 2349 2384 2407 ignorat,
2410 2352 2460 2395 et

409 2410 546 2471 quod
581 2409 902 2471 frequentant
938 2410 1174 2455 tabernas
1211 2410 1452 2470 publicas,
1478 2410 1714 2457 videlicet
1739 2410 2038 2458 Caluertone
2061 2414 2112 2457 et
2137 2411 2363 2468 Munde³3
2409 2415 2460 2458 et

408 2474 458 2518 in
496 2473 592 2519 hiis
629 2473 941 2532 corrigendis
979 2474 1215 2533 magister
1251 2476 1327 2520 est
1363 2475 1612 2519 remissus.
1696 2474 1953 2534 Capellani
1990 2477 2376 2536 comparuerunt
2409 2477 2460 2522 et

411 2539 610 2596 negant.

539 2601 667 2647 Item
691 2600 815 2646 dicit
839 2600 904 2646 de
930 2600 1163 2647 Irelande
1186 2602 1239 2645 vt
1262 2615 1412 2660 supra
1436 2603 1486 2647 et
1509 2601 1654 2647 infra.

539 2664 789 2710 Robertus
828 2664 1073 2721 Irelande,
1099 2665 1309 2711 clericus
1347 2664 1560 2724 collegii,
1587 2664 1711 2711 dicit
1735 2665 1800 2711 de
1824 2665 2131 2712 subcustode
2154 2668 2207 2712 vt
2241 2665 2306 2713 de
2339 2666 2460 2713 odio

410 2740 529 2786 erga
553 2729 730 2785 socios,
755 2730 808 2772 vt
831 2727 974 2773 infra.

539 2790 738 2850 (Drury‚
766 2790 957 2836 Munde
981 2793 1031 2836 et
1055 2790 1393 2852 Caluertone.)
1461 2791 1746 2838 Willelmus
1785 2791 1961 2849 Chich,
2001 2792 2211 2840 clericus
2247 2793 2460 2854 collegii,

409 2852 532 2899 dicit
554 2854 692 2915 quod
717 2855 895 2914 Drury,
923 2854 1223 2901 Caluertone
1248 2858 1297 2900 et
1331 2855 1523 2902 Munde
1547 2858 1663 2902 sunt
1685 2870 1883 2915 semper
1906 2857 2035 2902 inter
2058 2871 2112 2903 se
2135 2858 2275 2919 quasi
2299 2858 2458 2903 inimi·

507 2964 521 2989 ¹
547 2967 774 3004 clericorum
794 2966 1010 3003 cancelled.
1672 3011 1674 3013 ‚

504 3014 522 3038 2
549 3016 731 3064 Possibly
750 3030 798 3053 an
820 3029 928 3054 error
947 3017 1006 3054 for
1023 3023 1215 3066 apertum.
1274 3019 1426 3067 Aptum
1445 3018 1525 3055 and
1542 3019 1754 3067 confictum
1774 3018 1921 3056 should
1941 3020 1988 3056 be
2007 3020 2045 3056 in
2066 3019 2133 3057 the
2153 3020 2337 3058 ablative.

504 3066 520 3089 3
547 3066 634 3104 The
663 3068 789 3104 words
809 3080 873 3104 are
894 3080 989 3116 very
1008 3068 1227 3115 indistinct,
1249 3069 1318 3105 but
1338 3069 1406 3106 the
1427 3069 1501 3106 last
1520 3082 1690 3118 appears
1709 3080 1750 3107 to
1771 3071 1817 3108 be
1837 3072 2015 3109 talarem.
2069 3073 2266 3110 Habitum
2294 3075 2459 3110 talarem

402 3116 435 3154 is
454 3117 670 3155 interlined
691 3120 817 3156 above
837 3126 914 3155 two
932 3119 1138 3156 cancelled
1159 3119 1286 3157 words
1304 3132 1356 3157 no
1376 3119 1516 3168 longer
1533 3120 1696 3170 legible.

505 3168 520 3191 4
548 3168 631 3206 Sic:
660 3170 719 3206 for
746 3169 911 3207 insidiat
936 3183 980 3207 or
1007 3172 1240 3209 insidiatur.

504 3218 520 3241 5
548 3219 635 3257 The
654 3220 780 3258 words
798 3227 836 3258 et
857 3223 966 3258 mitis
984 3234 1129 3270 appear
1147 3232 1189 3259 to
1208 3222 1255 3259 be
1277 3221 1343 3259 the
1364 3222 1544 3270 reading,
1564 3222 1634 3259 but
1653 3235 1718 3260 are
1737 3223 1874 3273 nearly
1893 3223 2082 3274 illegible.

505 3308 517 3332 ¹
545 3311 629 3357 I.e.,
648 3310 697 3347 he
717 3310 795 3347 had
816 3323 868 3348 no
887 3319 1083 3359 statutory
1103 3325 1235 3360 power
1252 3312 1295 3349 of
1310 3314 1546 3358 correction,
1569 3314 1639 3350 but
1657 3327 1736 3351 was
1764 3314 1899 3351 bound
1927 3321 1969 3352 to
1995 3317 2181 3364 acquaint
2208 3316 2275 3354 the
2302 3316 2459 3354 warden

402 3359 495 3396 with
515 3363 754 3407 corrigenda.
813 3361 848 3397 It
868 3374 1035 3410 appears
1055 3363 1154 3399 from
1174 3363 1241 3400 the
1261 3372 1339 3401 rest
1360 3363 1402 3400 of
1426 3364 1494 3402 the
1523 3375 1712 3403 sentence
1738 3365 1824 3402 that
1850 3366 1918 3403 the
1946 3367 2104 3404 warden
2133 3367 2210 3404 had
2238 3368 2462 3418 attempied

401 3419 443 3447 to
466 3410 649 3459 delegate
669 3412 735 3448 the
756 3411 869 3450 office
888 3412 929 3448 of
945 3413 1167 3451 correction
1189 3424 1231 3451 to
1251 3414 1346 3451 him.

502 3460 519 3484 2
547 3461 584 3498 If
602 3462 668 3499 the
688 3475 830 3511 proper
851 3463 1018 3512 reading
1037 3464 1070 3501 is
1089 3470 1277 3513 apertum,
1298 3465 1378 3502 this
1397 3465 1541 3502 should
1562 3467 1609 3503 be
1628 3466 1847 3504 translated
1868 3469 2006 3518 ‘open‘
2025 3470 2104 3515 i.e.‚
2128 3469 2396 3507 unbuttoned.

502 3511 518 3535 ³
546 3511 633 3550 The
653 3513 763 3561 royal
784 3513 920 3550 letters
941 3523 1078 3562 patent
1099 3515 1158 3552 for
1178 3516 1245 3553 the
1267 3515 1504 3553 foundation
1535 3518 1727 3566 provided
1757 3518 1843 3556 that
1873 3532 1949 3557 one
1979 3520 2023 3557 of
2047 3520 2116 3557 the
2146 3520 2352 3567 chaplains
2379 3520 2458 3558 and

396 3561 526 3600 clerks
548 3563 693 3600 should
716 3564 762 3601 be
782 3574 1158 3613 grammar-master,
1178 3567 1254 3604 and
1275 3567 1442 3604 another
1460 3580 1738 3617 song-master.
1810 3569 1897 3607 The
1927 3570 2066 3608 school
2094 3584 2260 3620 appears
2288 3582 2330 3608 to
2356 3572 2457 3609 have

397 3613 493 3650 been
532 3614 627 3651 held
655 3615 694 3651 in
723 3614 791 3651 the
819 3614 1014 3652 detached
1045 3616 1188 3665 chapel
1221 3627 1262 3655 to
1292 3618 1359 3655 the
1389 3626 1486 3656 N.W.
1525 3619 1568 3655 of
1596 3619 1666 3657 the
1699 3620 1832 3669 parish
1865 3621 2026 3666 church,
2059 3622 2205 3672 locally
2236 3622 2363 3660 called
2391 3622 2459 3660 the

396 3662 605 3702 Grammar
624 3665 775 3711 school,
798 3665 924 3702 which
945 3679 1073 3704 seems
1093 3678 1134 3704 to
1153 3667 1254 3706 have
1276 3669 1374 3706 been
1397 3669 1499 3706 built
1517 3683 1540 3706 a
1559 3669 1632 3707 few
1660 3683 1773 3719 years
1800 3671 1934 3710 before
1962 3672 2029 3710 the
2057 3673 2290 3711 foundation
2319 3673 2362 3710 of
2386 3673 2454 3711 the

393 3715 562 3763 college.
617 3715 680 3753 Cf.
710 3715 779 3753 the
811 3716 902 3762 15th
932 3726 1036 3754 cent.
1068 3719 1425 3766 grammar-school
1455 3729 1494 3757 at
1527 3720 1715 3767 Ewelme,
1751 3720 1899 3766 Oxou„
1930 3723 1969 3760 in
2003 3724 2228 3762 connexion
2260 3724 2356 3767 with
2385 3724 2452 3764 the

395 3765 552 3818 college
570 3767 612 3803 of
635 3767 966 3818 chantry-priests
986 3768 1162 3807 founded
1181 3770 1220 3811 in
1240 3770 1307 3807 the
1328 3770 1460 3823 parish
1479 3771 1627 3809 church
1648 3772 1687 3810 in
1713 3780 1822 3822 1437.
