2476 4412
292 426 367 482 49
769 403 1253 463 ALNWICK'S
1335 399 1853 464 VISITATION
1860 400 1902 458 S

422 565 547 610 Item
585 563 705 610 dicit
740 562 876 624 quod
912 562 1095 608 chorus
1130 574 1231 605 non
1267 558 1573 614 obseruatur‚
1614 571 1675 603 eo
1720 556 1857 618 quod
1893 557 2130 616 priorissa
2159 561 2338 606 euocat

292 627 502 672 iuuenesl
526 627 766 673 moniales
790 625 856 671 ad
879 639 1034 683 opera
1057 638 1158 670 sua.

420 690 570 736 Soror
592 690 750 734 Alicia
777 689 968 747 Kempe
1002 687 1116 731 dicit
1150 686 1289 746 quod,
1326 685 1443 746 quia
1476 682 1720 730 moniales
1753 684 1805 729 in
1836 683 2009 730 vltima
2041 685 2337 732 visitacione

293 753 588 799 detexerunt
638 751 934 811 detegenda,
982 750 1218 809 priorissa
1271 747 1556 794 verberauit
1610 747 1852 808 quasdam
1899 762 2069 794 earum
2099 765 2109 805 ;
2166 751 2217 795 et
2261 752 2338 795 est

292 817 528 876 priorissa
551 816 696 860 nimis
720 814 935 860 crudelis
959 816 1008 859 et
1032 827 1206 858 seuera
1229 810 1542 866 monialibus,
1568 824 1662 856 nec
1686 824 1769 856 eas
1793 810 1966 870 diligit.

423 880 547 924 Item
584 879 623 923 si
662 876 935 936 contingat²
970 876 1211 921 moniales
1249 874 1509 929 excedere,
1548 873 1858 934 improperat
1893 876 1944 920 et
1981 875 2209 935 increpat
2253 889 2338 922 eas

291 956 460 988 coram
486 941 787 987 secularibus
812 943 860 986 et
883 940 1042 985 eciam
1065 942 1292 997 tempore
1317 937 1473 983 diuini
1497 935 1664 997 officij‚
1689 951 1785 983 nec
1809 937 2018 984 desistit.

421 1005 548 1050 Item
570 1005 806 1063 priorissa
830 1003 1020 1061 detegit
1043 1004 1235 1048 secreta
1259 1000 1512 1060 religionis
1536 1000 1856 1046 secularibus.

419 1068 568 1113 Soror
595 1067 887 1112 Elizabetha
917 1065 1134 1125 Langley
1157 1063 1314 1110 dicit.⁸

419 1139 536 1201 [Fo.
572 1138 678 1200 95]
749 1139 900 1185 Soror
933 1138 1102 1197 Agnes
1140 1137 1383 1197 Halewey
1407 1136 1531 1182 dicit
1564 1135 1704 1198 quod
1737 1137 1976 1197 priorissa
2009 1138 2060 1183 in
2093 1136 2253 1184 choro
2285 1140 2336 1185 et

287 1206 425 1249 extra
461 1203 676 1248 extrahit
713 1202 821 1248 vela
858 1202 922 1248 de
960 1201 1206 1261 capitibus
1243 1200 1546 1258 monialium,
1585 1200 1837 1247 vocando'
1854 1215 1939 1246 eas
1984 1201 2242 1248 mendicas
2285 1203 2336 1248 et

286 1267 588 1312 meretrices.

416 1330 543 1375 Item
567 1343 680 1375 cum
704 1329 797 1374 ista
821 1329 883 1373 sit
906 1326 1103 1373 iuuinis⁴¹
1127 1330 1175 1373 et
1198 1327 1348 1373 vellet
1371 1326 1635 1373 addiscere
1658 1326 1953 1386 religionem
1978 1330 2028 1373 et
2050 1327 2159 1385 alia,
2179 1328 2334 1387 prior-

285 1393 382 1438 issa
406 1394 547 1451 ponit
565 1407 675 1437 eam
694 1391 759 1437 ad
782 1392 939 1437 lectos
958 1390 1268 1446 sternendos
1286 1390 1352 1436 ad
1376 1390 1622 1436 suendum
1641 1393 1691 1436 et
1712 1390 1953 1436 filandum
1972 1393 2022 1437 et
2044 1391 2140 1438 alia
2163 1405 2332 1451 opera.

416 1456 541 1501 Item
561 1455 681 1501 dicit
699 1455 836 1516 quod
859 1456 952 1500 ista
972 1455 1156 1513 reperit
1180 1455 1340 1514 ipsam
1364 1454 1655 1513 priorissam
1673 1456 1723 1500 et
1746 1454 2007 1500 dominum
2024 1454 2334 1501 Willelmum

284 1518 502 1579 Taylour
525 1520 575 1564 in
599 1522 713 1564 actu
735 1518 1089 1564 fornicacionis
1114 1520 1365 1575 coeuntes,
1391 1532 1507 1563 nam
1529 1516 1656 1563 vidit
1679 1532 1794 1564 eum
1818 1518 2143 1578 superpinum
2170 1519 2335 1565 iacere

287 1597 434 1642 super
458 1597 567 1629 eam
592 1582 890 1642 resupinam.

419 1703 657 1749 Priorissa
675 1706 823 1763 negat
844 1703 1105 1749 articulum
1125 1702 1450 1750 crudelitatis⁶
1466 1718 1567 1765 quo
1584 1703 1650 1750 ad
1667 1703 1993 1751 vocacionem
2016 1705 2334 1752 meretricum

291 1771 340 1813 et
363 1767 703 1813 mendicarum
728 1784 738 1814 ε
763 1769 912 1826 negat
929 1768 1086 1813 eciam
1107 1768 1437 1813 inieccionem
1455 1782 1692 1813 manuum
1708 1767 1979 1814 violentam
2001 1768 2053 1814 in
2076 1768 2330 1816 moniales.

419 1831 528 1889 Quo
564 1830 629 1876 ad
665 1834 953 1889 compotum
990 1845 1090 1877 non
1130 1830 1396 1888 redditum,
1429 1830 1625 1889 fatetur,
1651 1833 1702 1878 et
1737 1830 1854 1878 ideo
1889 1832 2007 1893 quia
2041 1845 2144 1878 non
2180 1831 2335 1879 habet

292 1894 527 1940 clericum
550 1895 633 1955 qui
658 1895 855 1940 scribat.

421 1957 530 2015 Quo
553 1957 618 2003 ad
641 1972 765 2003 onus
788 1957 1018 2015 alienum,
1044 1960 1266 2018 reportat
1290 1972 1343 2004 se
1365 1957 1432 2003 ad
1455 1959 1748 2018 compotum
1769 1958 1869 2004 iam
1891 1957 2225 2005 reddendum.

420 2021 529 2079 Quo
553 2020 618 2066 ad
642 2021 889 2066 bercarias
913 2035 1014 2067 non
1037 2024 1305 2080 reparatas,
1330 2023 1554 2081 reportat
1576 2036 1630 2068 se
1651 2023 1790 2068 visui.

420 2084 528 2142 Quo
552 2084 617 2129 acl
641 2099 819 2143 cupam
842 2085 1241 2144 impignoratam,
1268 2085 1392 2132 dicit
1413 2085 1551 2132 idem
1577 2085 1768 2132 factum
1802 2085 1867 2132 de
1901 2099 2149 2132 consensu
2182 2099 2332 2132 conu-

292 2149 434 2192 entus
457 2147 522 2192 ad
546 2147 765 2193 decimas
788 2147 1066 2194 soluendaS.

418 2211 527 2269 Quo
550 2211 615 2256 ad
639 2212 967 2257 succisionem
990 2212 1239 2268 arborum,
1261 2212 1383 2258 dicit
1405 2211 1543 2274 quod
1560 2227 1760 2260 versum
1782 2213 1833 2258 in
1855 2212 2119 2260 vtilitatem
2137 2212 2330 2271 domus,

289 2274 470 2332 partim
495 2274 558 2320 de
582 2276 796 2320 sciencia
820 2278 869 2320 et
892 2276 1073 2334 partim
1097 2291 1197 2322 non
1221 2277 1440 2323 sciencia
1462 2278 1755 2323 conuentus.

417 2337 526 2396 Quo
549 2337 614 2383 ad
638 2337 836 2384 detecta
868 2339 918 2383 in
953 2338 1124 2385 Vltima
1157 2340 1450 2386 visitacione
1484 2343 1534 2386 et
1567 2340 2056 2400 improperacionem
2090 2339 2329 2400 det-egen-

288 2400 418 2446 cium
443 2403 491 2446 et
513 2401 850 2457 verberamen,
878 2405 1026 2461 negat
1048 2403 1324 2450 articulum.

416 2464 525 2522 Quo
549 2465 613 2509 ad
637 2466 1086 2511 comminacionem
1110 2481 1173 2513 ne
1198 2466 1504 2527 detegerent,
1530 2469 1680 2527 negat
1702 2466 1979 2513 articulum.

414 2527 523 2585 Quo
546 2527 611 2572 ad
634 2528 999 2574 reuelacionem
1022 2533 1329 2576 secretorum
1353 2531 1621 2590 religionis,
1646 2532 1797 2590 negat
1818 2529 2095 2576 articulum.

343 2634 348 2640 ,
414 2591 523 2648 Quo
547 2591 611 2636 ad
634 2595 844 2638 matrem
868 2595 917 2637 et
940 2592 1218 2653 Johannam
1243 2594 1578 2652 Coleworthe,
1603 2597 1754 2654 negat
1775 2593 2052 2640 articulum.

414 2654 523 2712 Quo
546 2654 611 2700 ad
634 2655 808 2700 lectos⁶
832 2656 1147 2703 sternendos⁷
1171 2660 1220 2703 et
1241 2658 1307 2702 ad
1330 2657 1428 2703 alia
1451 2672 1619 2718 opera,
1644 2660 1796 2716 negat
1817 2657 2094 2703 articulum.

413 2717 522 2774 Quo
541 2717 605 2762 ad
624 2718 1023 2765 subtraceionem
1040 2721 1201 2766 victus
1220 2723 1269 2767 et
1287 2722 1494 2767 vestitus
1512 2737 1541 2767 a
1559 2720 1872 2778 monialibus,
1891 2720 2074 2767 fatetur
2097 2720 2149 2766 in
2171 2722 2327 2780 parte.

412 2780 522 2838 Quo
545 2780 609 2826 ad
633 2782 824 2827 ruinam
847 2786 1248 2830 tenementorum
1271 2787 1425 2842 extra,
1451 2785 1574 2831 dicit
1597 2785 1735 2847 quod
1758 2785 1939 2844 partim
1963 2786 2078 2830 sunt
2100 2786 2329 2843 reparata

287 2845 335 2887 et
358 2844 538 2902 partim
562 2859 675 2890 non.

412 2906 521 2964 Quo
555 2907 619 2952 ad
653 2909 1041 2956 seminacionem
1077 2911 1456 2968 discordiarum,
1492 2912 1616 2959 dicit
1649 2911 1788 2974 quod
1820 2911 1919 2958 hoc
1952 2910 2190 2958 fecisset:
2226 2924 2328 2957 non

286 2971 360 3014 est
382 2970 619 3016 aduisata.

412 3033 521 3090 Quo
556 3033 621 3079 ad
659 3034 774 3080 hoc⁸
809 3036 1017 3083 dixisset
1052 3053 1105 3083 se
1142 3053 1234 3097 pro
1270 3053 1370 3084 vno
1403 3038 1568 3085 loculo
1601 3042 1653 3085 et
1685 3039 1900 3099 pecunia
1930 3039 2136 3085 sciuisse
2159 3038 2328 3084 omnia

284 3093 480 3140 detecta
503 3097 553 3141 in
576 3097 747 3143 Vltima
769 3100 1072 3157 visitacione,
1100 3105 1248 3160 negat
1271 3102 1534 3148 articulum
1558 3103 1719 3162 plane.

411 3159 519 3216 Quo
538 3160 602 3204 ad
622 3160 878 3207 dominum
896 3163 1205 3210 Willelmum
1222 3166 1267 3210 T
1269 3165 1454 3226 aylour,
1473 3169 1622 3225 negat
1639 3167 1829 3213 crimen
1847 3167 1911 3212 ab
1929 3165 2322 3224 omnitempore.

413 3221 582 3267 Habet
606 3224 874 3270 crastinum
898 3226 1032 3272 diem
1055 3228 1120 3273 ad
1144 3229 1462 3288 purgandum
1485 3244 1538 3276 se
1573 3245 1687 3276 cum
1710 3232 1924 3291 quatuor
1946 3229 2200 3275 sororibus
2224 3228 2325 3273 suis

283 3282 347 3327 de
371 3285 561 3342 negatis
585 3288 633 3330 et
655 3286 719 3331 ad
743 3289 1085 3347 recipiendum
1110 3293 1447 3350 penitenciam
1470 3307 1564 3352 pro
1587 3293 1896 3340 confessatis.
1966 3293 2078 3351 Quo
2109 3291 2325 3337 termino

285 3346 442 3391 nullas
465 3347 700 3405 produxit
723 3355 1146 3410 compurgatrices
1169 3372 1178 3400 z
1213 3355 1330 3401 ideo
1354 3357 1683 3415 pronunciata
1707 3359 1782 3403 est
1805 3356 2052 3402 defecisse
2074 3356 2126 3400 in
2149 3366 2327 3415 purga-

382 3456 394 3479 ¹
426 3457 643 3495 Interlined
670 3461 795 3498 above
815 3463 919 3499 iuues
937 3464 1014 3501 and
1034 3467 1168 3503 iuuens
1187 3467 1403 3506 cancelled.

383 3506 400 3530 ²
417 3511 504 3557 prio
522 3510 736 3549 cancelled.

381 3557 396 3581 ³
426 3558 510 3596 Her
527 3559 665 3597 detecta
684 3574 747 3598 are
767 3569 836 3599 not
854 3565 1052 3613 reported.

379 3609 395 3632 ‘²
421 3612 508 3648 Sic:
536 3611 686 3648 altered
714 3612 812 3650 from
833 3615 994 3652 iuuines.

380 3660 396 3683 ⁵
421 3660 520 3709 quod
535 3661 750 3700 cancelled.

379 3710 395 3734 ⁶
421 3711 583 3749 Altered
602 3713 701 3749 from
722 3715 867 3753 lectum.

379 3760 395 3786 ⁷
422 3775 466 3798 ne
485 3763 698 3800 cancelled.

380 3810 395 3834 ⁸
422 3813 486 3851 Sic
505 3827 518 3850 :
545 3813 644 3865 quod
659 3815 838 3855 omitted.
