2488 4296
256 398 369 456 197
709 379 1198 442 ALNWICK’s
1282 378 1849 445 VISITATIONS

256 540 534 585 reuerendo
558 543 713 599 patre
739 540 822 586 die
846 542 895 586 et
918 541 1031 587 loco
1054 541 1260 598 eisdem,
1285 542 1420 587 idem
1445 543 1751 588 reuerendus
1774 547 1916 603 pater
1950 546 2177 592 recitauit
2211 547 2304 593 sibi

254 606 413 649 totum
450 619 740 663 processum
778 619 919 649 suum
957 619 1046 663 per
1082 619 1195 650 eum
1235 608 1410 651 contra
1446 606 1663 652 eundem
1698 608 1988 666 magistrum
2024 609 2303 669 Johannem

254 668 493 722 habitum,
520 670 570 713 et
592 667 803 728 qualiter
826 668 1097 726 assignauit
1120 669 1214 713 sibi
1239 669 1445 714 eosdem
1469 671 1736 715 terminum
1772 674 1822 716 et
1858 671 2023 716 locum
2059 672 2124 718 ad
2163 674 2299 719 audi-

253 731 439 776 endum
485 705 683 776 iinalem
730 731 1220 802 pronunciacionem,
1263 732 1664 779 declaracionem
1700 736 1750 779 et
1785 733 2043 780 decretum
2077 736 2302 782 eiusdem

252 795 516 840 reuerendi
553 795 709 853 patris
745 796 795 839 in
833 795 1101 853 premissis.
1180 795 1371 853 Quibus
1395 796 1627 841 omnibus
1651 811 1739 855 pel
1764 797 1979 843 eundem
2005 799 2303 859 magistrum1

251 857 528 918 Johannem
576 857 892 917 recognetis,²
928 858 1064 903 idem
1108 858 1414 904 reueiendus
1453 862 1594 918 pater
1633 860 1698 905 ad
1737 862 2213 932 pronunciacionem
2253 866 2304 909 et

254 921 673 967 declaracionem⁸
697 936 835 966 suam
860 922 1105 980 processit
1139 922 1230 966 sub
1268 921 1363 967 hac
1398 921 1573 978 forma,
1615 924 1701 968 ‘In
1740 924 1834 969 Dei
1872 925 2088 980 nomine,
2125 926 2302 983 amen,'

252 987 345 1040 etc,
371 988 423 1030 vt
446 999 507 1030 ex
531 985 626 1030 alia
650 989 791 1043 parte
816 985 956 1029 istius
979 984 1100 1040 folii,
1127 988 1176 1029 et
1199 986 1424 1030 decreuit
1448 985 1556 1031 fore
1590 986 1920 1032 intimandum
1956 963 2163 1035 domino
2199 991 2304 1049 regi

252 1048 316 1093 de
341 1048 627 1094 huiusmodi
665 1049 948 1100 vacacione
974 1049 1292 1106 presentibus
1315 1051 1367 1094 vt
1391 1063 1552 1108 supra.
1645 1050 1711 1094 Et
1747 1049 1932 1096 deinde
1968 1051 2102 1097 idem
2140 1067 2302 1099 reuer-

252 1112 411 1157 endus
435 1114 576 1171 patei
599 1112 873 1170 assignauit
896 1111 1061 1157 eidem
1087 1112 1325 1170 magistro
1358 1112 1572 1173 Johanni
1608 1112 1743 1158 diem
1779 1113 1984 1159 Sabbati
2021 1116 2303 1173 proximum

251 1178 366 1234 post
389 1175 572 1221 festum
599 1175 885 1234 Epiphanie
912 1175 1115 1220 Domini
1151 1176 1379 1234 proxime
1415 1175 1633 1220 futurum
1670 1177 1720 1221 in
1757 1177 1971 1223 ecclesia
2009 1179 2302 1237 piebendali

251 1239 315 1284 de
342 1239 674 1299 Lidyngtone
701 1239 835 1284 dicte
872 1238 1103 1294 diocesis,
1130 1253 1297 1283 coram
1334 1238 1516 1284 eodem
1553 1239 1833 1285 ieuerendo
1870 1243 2011 1299 patre
2046 1245 2131 1287 aut
2167 1257 2300 1289 com-

251 1303 477 1348 missario
501 1317 592 1347 suo
614 1302 680 1346 ad
706 1302 1052 1373 recipiendum
1075 1306 1126 1347 et
1148 1301 1434 1347 faciendum
1462 1302 1689 1348 vlteri'us
1678 1318 1727 1348 m
1752 1305 2007 1362 premissis
2044 1308 2094 1350 et
2129 1320 2303 1352 eorum

250 1367 517 1412 occasione
541 1365 678 1426 quod
713 1366 839 1411 sacri
877 1380 1097 1411 canones
1121 1368 1170 1410 et
1205 1368 1492 1411 sanctorum
1530 1369 1726 1437 patrum
1763 1367 1968 1413 decreta
2003 1367 2303 1416 dictauerint

251 1433 300 1476 et
324 1430 675 1475 decreuerint
665 1445 714 1474 m
739 1429 1007 1488 premissiS,
1033 1430 1351 1487 presentibus
1374 1432 1425 1474 vt
1449 1430 1676 1488 proxime
1700 1445 1864 1489 supra.

383 1494 499 1554 [Fo.
531 1492 699 1553 102d.]
773 1493 829 1537 In
869 1493 963 1538 Dei
1002 1493 1217 1548 nomine,
1255 1507 1417 1538 amen.
1488 1493 1596 1538 Nos
1634 1493 1931 1551 willelmus,
1973 1496 2302 1554 permissione

250 1559 421 1604 diuina
447 1557 812 1603 Lincolniensis
835 1557 1116 1615 episcopuS,
1135 1558 1185 1601 te
1210 1557 1501 1615 magistrum
1525 1556 1803 1617 Johannem
1831 1558 1985 1618 Deye,
2005 1560 2300 1606 canonicum

249 1621 614 1681 prebendatum
653 1623 702 1665 et
739 1619 1126 1679 prebendarium
1162 1620 1349 1678 septime
1379 1619 1616 1679 prebende
1646 1621 1858 1666 ecclesie
1882 1635 2012 1667 noue
2035 1622 2300 1682 collegiate

250 1687 395 1731 beate
422 1685 580 1730 Marie
610 1684 909 1744 Leycestrie,
937 1686 1106 1728 nostre
1143 1683 1373 1736 diocesis,
1399 1683 1545 1728 nobis
1570 1684 1756 1729 dictam
1780 1684 2044 1730 ecclesiam
2069 1686 2299 1746 collegia-

247 1753 350 1794 tam
387 1750 492 1794 iure
528 1751 699 1793 nostro
737 1747 991 1792 ordinario
1027 1746 1287 1792 actualiter
1322 1747 1637 1792 visitantibus
1661 1762 1810 1806 super
1833 1747 1919 1794 illo
1943 1748 2217 1807 dampnato
2252 1753 2302 1796 et

249 1812 534 1858 detestabili
573 1810 718 1856 vicio⁴
754 1810 1071 1862 sodomitico,
1098 1811 1238 1855 cuius
1275 1810 1383 1855 solo
1419 1811 1575 1855 verbo
1611 1826 1696 1856 aer
1732 1811 2102 1870 corrumpitur,⁵
2125 1827 2215 1872 per
2248 1816 2299 1860 te

248 1891 362 1922 cum
387 1875 598 1921 diuersis
634 1875 875 1934 personis,
900 1876 953 1918 vt
989 1873 1264 1928 dicebatur,
1290 1873 1678 1932 dampnabiliter
1714 1875 1996 1930 commisso,
2022 1876 2071 1921 in
2096 1877 2298 1938 inquisi-

248 1941 393 1985 cione
432 1942 601 1984 nostra
637 1938 982 1997 preparatoria
1005 1952 1094 1996 per
1117 1951 1210 1982 nos
1233 1941 1462 1996 tempore
1486 1938 1791 1984 visitacionis
1814 1941 1985 1984 nostre
2009 1939 2294 1986 huiusmodi

247 2004 379 2048 facta
417 2003 671 2048 detectum
709 2005 759 2047 et
796 2001 1016 2047 delatum
1053 2004 1094 2045 el
1131 2015 1281 2059 super
1305 2001 1486 2046 eodem
1511 2002 1718 2047 crimine
1742 2002 1895 2047 iuxta⁶
1917 2003 2301 2063 inquisicionem

248 2067 531 2126 specialem,
571 2068 620 2111 te
656 2065 721 2110 ad
760 2065 857 2111 hoc
894 2067 1073 2110 vocato
1109 2079 1199 2123 per
1237 2079 1341 2120 nos,
1368 2065 1417 2109 in
1451 2065 1544 2110 hac
1570 2067 1711 2124 parte
1734 2065 1996 2124 specialiter
2018 2066 2204 2112 factam
2237 2082 2298 2113 ac

248 2131 456 2175 seruatis
480 2130 529 2174 in
555 2129 650 2174 hac
674 2132 815 2188 parte
839 2128 1133 2182 se1·uandis,⁷
1155 2128 1365 2187 iurisque
1387 2142 1446 2173 ac
1464 2128 1763 2174 iudiciorum
1783 2129 1959 2174 ordine
1984 2129 2034 2174 in
2060 2129 2150 2175 hac
2160 2133 2301 2190 parte

248 2194 487 2256 requisito
524 2193 806 2246 obseruato,
833 2193 1118 2237 conuictum
1144 2194 1193 2237 et
1218 2206 1309 2250 pro
1346 2192 1580 2237 conuicto
1605 2207 1694 2250 per
1717 2207 1809 2238 nos
1832 2194 2215 2251 pronunciatum
2248 2197 2299 2240 et

248 2257 556 2303 declaratum
594 2257 715 2301 istos
752 2257 1018 2301 terminum
1057 2258 1107 2300 et
1142 2254 1307 2300 locum
1331 2255 1397 2300 ad
1421 2255 1726 2301 audiendum
1751 2255 1950 2302 finalem
1975 2258 2296 2313 sentenciam,

248 2321 662 2374 declaracionem,
689 2319 1164 2378 pronunciacionem
1204 2322 1246 2363 et
1285 2318 1544 2364 decretum
1583 2319 1634 2364 in
1674 2322 1724 2365 et
1762 2333 1912 2378 super
1947 2321 2202 2379 premissis
2236 2336 2298 2367 ex

249 2387 418 2430 nostra
443 2382 718 2443 prefixione
742 2383 832 2427 tibi
858 2382 1157 2428 iudicialiter
1181 2381 1338 2427 factas
1374 2382 1660 2438 habentem,
1685 2383 1750 2428 ab
1774 2383 1895 2441 ipsis
1918 2384 2215 2429 canonicatu
2249 2387 2298 2430 et

248 2447 506 2507 prebenda
545 2462 603 2492 ac
645 2461 817 2492 eorum
858 2446 1176 2505 possessione
1215 2446 1282 2491 ob
1319 2445 1680 2491 immanitatem
1717 2449 1767 2492 et
1805 2447 1856 2491 in
1902 2446 2298 2494 detestacionem

246 2512 465 2556 criminis
489 2510 774 2556 huiusmodi
799 2509 1097 2568 priuandum
1116 2512 1166 2554 et
1183 2508 1396 2554 finaliter
1413 2509 1749 2555 amouendum
1767 2509 1875 2556 fore
1894 2511 2295 2569 pronunciamus,

247 2575 563 2621 decernimus
600 2577 650 2619 et
686 2573 1011 2627 declaramus,
1038 2575 1088 2618 et
1124 2587 1213 2631 per
1249 2572 1379 2618 hanc
1405 2576 1625 2618 nostram
1650 2574 1958 2619 sentenciam
1982 2573 2297 2620 diffinitiuam

246 2654 392 2698 quam
418 2638 623 2683 ferimus
647 2638 697 2682 in
722 2637 817 2682 hiis
839 2637 1039 2695 scriptis
1075 2637 1328 2695 priuamus
1352 2639 1400 2681 et
1437 2635 1649 2682 finaliter
1671 2652 1962 2683 amouemus
1986 2638 2294 2684 sentenciali-

245 2706 321 2748 ter
345 2706 394 2748 et
419 2701 683 2746 diffinitiue
706 2701 855 2746 eciam
881 2701 931 2745 in
956 2700 1052 2745 hiis
1076 2700 1289 2758 scr.iptis

380 2827 496 2888 [Fo.
529 2826 658 2887 103]
734 2826 1004 2886 Inquisicio
1039 2825 1174 2871 facta
1209 2841 1298 2884 pei
1336 2826 1669 2871 reuerendum
1706 2827 1755 2871 in
1793 2826 1995 2873 Christo
2019 2830 2211 2886 patrem
2247 2830 2295 2873 et

248 2892 507 2937 dominum
533 2891 791 2936 dominum
816 2889 1141 2943 Willelmum
1170 2890 1263 2934 Dei
1288 2890 1457 2948 gracia
1484 2889 1886 2935 Lincolniensem
1911 2891 2219 2950 episcopum,
2245 2891 2294 2936 in

247 2956 400 3001 domo
425 2954 683 3013 capitulari
709 2954 921 2999 ecclesie
947 2968 1076 2998 noue
1100 2953 1362 3012 collegiate
1388 2953 1532 2998 beate
1559 2953 1718 2998 Marie
1746 2953 2045 3012 Leycestrie,
2071 2954 2294 3000 secundo

246 3019 329 3064 die
354 3019 538 3063 mensis
577 3018 887 3072 Decembris,
912 3031 1044 3062 anno
1084 3017 1286 3061 Domini
1319 3017 1555 3071 mccccxl,
1582 3018 1756 3062 contra
1780 3019 1830 3062 et
1852 3016 2092 3063 aduersus
2115 3018 2293 3076 magis-

245 3085 372 3127 trum
411 3081 690 3141 Johannem
731 3081 856 3140 Dey,
895 3081 1193 3126 canonicum
1229 3080 1363 3125 dicte
1401 3080 1614 3125 ecclesie
1654 3079 1931 3139 collegiate,
1967 3096 2117 3140 super
2162 3081 2293 3127 vicio

244 3145 546 3191 sodomitico
586 3159 676 3202 per
713 3159 826 3189 eum
865 3147 916 3188 vt
955 3144 1189 3189 asseritur
1225 3144 1509 3198 commisso,
1551 3142 1718 3188 eidem
1763 3144 2044 3190 reuerendo
2077 3145 2206 3203 patri
2239 3145 2290 3189 in

243 3209 537 3254 visitacione
562 3223 649 3253 sua
672 3207 926 3252 ordinaria
951 3208 999 3251 in
1025 3207 1164 3252 dicto
1189 3207 1403 3265 collegio
1427 3206 1678 3252 excercita
1703 3206 1958 3252 detectum
1983 3210 2033 3253 et
2056 3207 2289 3263 delatum,

244 3274 294 3317 in
340 3272 603 3330 presencia
649 3271 839 3316 domini
886 3271 1126 3316 Willelmi
1173 3270 1429 3330 Walesby,
1477 3270 1655 3315 decani
1714 3270 1939 3316 eiusdem
1995 3271 2206 3330 collegii,
2241 3272 2292 3316 et

244 3335 466 3394 magistri
491 3335 732 3395 Johannis
758 3335 988 3393 Depyng
1014 3335 1125 3393 ipso
1148 3335 1388 3405 magistro
1411 3333 1637 3393 Johanne
1676 3333 1787 3393 Dey
1810 3337 2044 3393 presente
2068 3337 2118 3380 et
2140 3336 2292 3379 testes

245 3399 342 3443 mfl
345 3399 591 3457 ascriptos
615 3397 839 3486 produci,
865 3397 1063 3442 admitti
1089 3397 1172 3443 et
1161 3397 1309 3442 iurari
1333 3397 1538 3443 vidente
1562 3398 1612 3442 et
1635 3396 1885 3443 audiente.

347 3511 358 3534 ¹
390 3511 606 3549 Interlined
624 3512 749 3548 above
768 3512 1026 3548 reuerendum
1042 3517 1195 3560 patrem
1213 3509 1427 3548 cancelled.

345 3563 361 3585 2
388 3563 463 3599 Sic.

343 3614 359 3638 ³
384 3615 551 3650 eiusdem
571 3613 780 3651 reuerendi
796 3614 1010 3652 cancelled.

344 3665 359 3687 ⁴
387 3666 549 3702 simonie
567 3665 781 3702 cancelled.

345 3716 359 3739 ⁵
387 3715 570 3765 inficitur
587 3716 741 3753 written
761 3716 886 3753 above
905 3728 948 3753 as
968 3715 1213 3753 alternative.

343 3767 359 3790 ⁶
386 3769 527 3804 merita
545 3769 750 3805 cuiusdam
769 3767 983 3805 cancelled.

343 3818 358 3842 ⁷
386 3820 418 3856 le
437 3818 653 3856 cancelled.
