2488 4296
256 387 374 443 126
708 378 1198 442 ALNWICK’S
1280 379 1846 442 VISITATIONS

384 540 498 603 [Fo.
530 555 618 602 109
642 539 842 602 sched.]
917 540 1070 587 Facta
1092 539 1185 586 fuit
1207 555 1421 603 sequens
1445 542 1755 589 examinacio
1778 543 1979 589 testium
2002 542 2294 602 productor-

251 619 335 650 um
371 619 461 664 per
496 609 689 665 partem
726 604 929 650 domine
963 603 1121 650 Alicie
1146 604 1455 664 Dunwyche,
1482 605 1716 664 priorisse
1740 606 1805 652 de
1827 606 2123 662 Gracedieu,
2148 621 2297 666 super

252 667 640 714 confirmacione
696 668 775 714 vel
830 666 1171 713 infirmacione
1216 668 1484 714 eleccionis
1528 683 1615 714 sue
1659 672 1709 714 et
1752 669 1910 715 eciam
1955 669 2296 716 installacione

252 731 476 777 eiusdem
499 732 658 778 electe
682 746 771 790 per
795 731 1085 790 magistrum
1121 730 1399 791 Johannem
1439 731 1617 788 Leeke,
1642 734 1693 778 in
1718 732 1933 778 decretis
1957 733 2293 790 bacallarium,

251 795 514 840 reuerendi
559 795 609 840 in
656 794 856 840 Christo
901 795 1056 853 patris
1101 802 1150 840 et
1195 794 1399 848 domini,
1446 795 1637 841 domini
1681 795 1936 853 willelmi,
1985 796 2080 843 Dei
2129 797 2297 856 gracia

256 858 619 904 Lincolniensis
643 858 882 917 episcopi,
908 857 1235 904 commissarii
1269 858 1319 903 in
1354 858 1450 904 hac
1486 861 1628 917 parte
1663 859 1944 918 specialiter
1980 859 2220 919 deputati,
2245 860 2296 906 in

251 921 403 967 domo
419 922 688 981 registrarii
705 922 827 967 dicti
843 920 1106 966 reuerendi
1124 921 1280 980 patris
1297 921 1427 967 infra
1444 921 1592 967 situm
1611 923 1818 968 manerii
1836 923 1910 968 sui
1929 922 1993 969 de
2013 923 2295 980 Netelham,

251 984 350 1044 xxij
379 984 461 1031 die
484 984 682 1045 Aprilis,
708 998 840 1030 anno
867 984 1071 1030 Domini
1095 983 1353 1045 mccccxlj.

382 1047 625 1094 Ricardus
669 1047 933 1107 Herthylle
973 1047 1038 1093 de
1073 1047 1370 1104 Gracedieu,
1408 1048 1636 1104 literatuS,
1675 1049 1820 1094 etatis
1859 1049 1923 1109 lvj
1964 1064 2209 1096 annorum
2248 1052 2298 1096 et

251 1111 478 1170 amplius,
523 1112 680 1158 libere
720 1111 1032 1157 condicionis
1072 1115 1122 1156 et
1160 1111 1292 1157 bone
1330 1111 1478 1168 fame,
1517 1115 1570 1158 vt
1609 1111 1744 1168 dicit,
1784 1113 1926 1158 testis
1963 1113 2208 1159 admissus
2247 1116 2298 1159 et

251 1174 437 1220 iuratus
474 1178 524 1221 et
560 1175 825 1234 diligenter
861 1176 1171 1220 examinatus
1194 1190 1257 1220 an
1281 1175 1420 1220 nouit
1454 1176 1741 1235 priorissam
1766 1175 1830 1221 de
1853 1176 2148 1232 Gracedieu,
2175 1176 2298 1223 dicit

250 1238 387 1298 quod
411 1238 497 1284 sic.
567 1239 907 1298 Interrogatus
930 1237 1169 1300 quamdiu
1192 1238 1332 1284 nouit
1356 1253 1466 1284 eam
1489 1244 1540 1284 et
1562 1253 1663 1300 quo
1691 1239 1894 1285 nomine
1927 1243 2146 1294 vocatur,
2171 1239 2295 1286 dicit

250 1301 386 1362 quod
421 1302 562 1347 nouit
596 1316 706 1348 eam
739 1316 871 1347 xxxv
905 1301 1048 1347 annis
1083 1303 1311 1361 proxime
1347 1303 1597 1362 preteritis
1634 1305 1684 1348 et
1719 1302 1856 1364 quod
1893 1307 2098 1349 vocatur
2133 1303 2294 1350 Alicia

253 1364 560 1425 Dunwyche.
633 1366 973 1424 Interrogatus
996 1381 1059 1411 an
1090 1366 1230 1411 nouit
1263 1365 1327 1411 de
1364 1366 1618 1412 eleccione
1652 1366 1808 1426 ipsius
1843 1366 2078 1425 priorisse
2113 1370 2197 1413 aut
2232 1367 2297 1413 de

249 1427 638 1476 confirmacione
674 1429 913 1485 eiusdem,
952 1428 1074 1474 dicit
1109 1429 1246 1490 quod
1283 1429 1367 1475 sic.
1460 1430 1799 1488 Interrogatus
1823 1429 1887 1476 de
1910 1445 2059 1476 causa
2082 1431 2298 1477 sciencie

249 1506 349 1547 sue,
386 1492 508 1538 dicit
543 1492 679 1555 quod
713 1489 897 1554 xxiiij
920 1493 1063 1539 annis
1086 1493 1281 1552 elapsis,
1306 1507 1406 1554 quo
1430 1496 1569 1540 certo
1594 1492 1676 1539 die
1700 1508 1800 1539 non
1824 1494 2012 1550 recolit,
2037 1497 2089 1540 vt
2106 1494 2298 1540 audiuit

249 1556 313 1600 ab
335 1555 444 1602 aliis
467 1557 648 1619 quibus
670 1555 822 1602 fidem
846 1555 1089 1612 adhibuit,
1116 1556 1252 1602 dicta
1284 1556 1443 1602 Alicia
1477 1556 1636 1603 electa
1671 1556 1764 1602 fuit
1800 1557 1849 1602 in
1886 1558 2173 1616 priorissam
2208 1572 2298 1618 per

247 1620 486 1666 maiorem
520 1623 713 1680 partem
737 1623 1015 1666 conuentus
1037 1620 1088 1665 in
1111 1619 1265 1666 domo
1289 1620 1549 1679 capitulari
1586 1620 1790 1675 ibidem,
1830 1623 1880 1667 et
1916 1621 2054 1683 quod
2090 1621 2295 1684 quidam

249 1683 484 1742 magister
519 1684 772 1745 Johannes
810 1684 952 1744 Beby
986 1684 1297 1743 iurisperitus
1333 1684 1539 1742 regebat
1574 1684 1709 1744 ipsas
1742 1685 1983 1744 eligentes
2007 1687 2057 1730 et
2080 1684 2299 1731 confecit

250 1746 557 1793 eleccionem
580 1748 631 1793 in
655 1748 879 1807 scriptis;
906 1746 970 1794 et¹
993 1747 1116 1793 dicit
1133 1748 1227 1792 iste
1245 1748 1430 1793 iuratus
1449 1748 1586 1809 quod
1604 1748 1696 1793 iste
1714 1748 1848 1794 idem
1866 1749 2053 1794 iuratus
2070 1763 2166 1794 vna
2183 1763 2297 1795 cum

249 1810 358 1856 aliis
392 1811 634 1872 equitauit
657 1826 770 1857 cum
795 1811 930 1857 dicta
953 1810 1112 1857 electa
1134 1826 1289 1872 vsque
1326 1811 1556 1858 Sleforde
1592 1811 1657 1857 ad
1693 1811 1954 1858 dominum
1995 1811 2294 1872 Philippum,

250 1875 544 1934 episcopum
572 1875 987 1928 Lincolniensem,
1013 1876 1096 1936 qui
1120 1878 1239 1920 tunc
1262 1875 1451 1921 ibidem
1475 1875 1744 1931 residebat,
1780 1889 1873 1934 pro
1909 1875 2144 1922 habenda
2180 1890 2295 1922 con-

249 1936 539 1985 firmacione
576 1939 844 1985 eleccionis
881 1938 1180 1994 huiusmodi,
1215 1941 1266 1985 et
1299 1938 1436 2000 quod
1461 1939 1525 1984 de
1548 1939 1654 1983 visu
1679 1942 1727 1984 et
1751 1939 1968 1985 sciencia
1990 1940 2131 1986 istius
2153 1940 2299 1986 iurati

250 2000 413 2047 dictus
429 2001 661 2048 dominus
675 2003 942 2062 episcopus
958 2002 1139 2047 direxit
1153 2002 1343 2048 litteras
1358 2017 1470 2048 suas
1484 2001 1720 2048 fratribus
1737 2002 1950 2063 Johanni
1967 2003 2296 2062 Scarburghe,

248 2065 417 2110 abbati
442 2066 506 2111 de
529 2066 860 2122 Gerwedone,
882 2069 932 2111 et
953 2066 1167 2127 Johanni
1191 2065 1388 2127 Amyas,
1409 2066 1562 2125 priori
1581 2065 1645 2111 de
1666 2066 1911 2120 Bredone,
1934 2082 2045 2112 cum
2066 2066 2294 2113 confirm-

248 2129 424 2186 acione
470 2129 737 2176 eleccionis
782 2129 1098 2185 huiusmodi3
1145 2133 1194 2175 et
1239 2129 1362 2175 dicit
1412 2130 1506 2175 iste
1555 2130 1742 2175 iuratus
1780 2130 1917 2191 quod
1958 2131 2177 2192 quodam
2214 2130 2296 2176 die

249 2191 485 2238 Mercurii
503 2194 636 2239 circa
660 2193 843 2239 festum
867 2193 1025 2239 sancti
1049 2193 1268 2252 Georgii,
1288 2207 1421 2238 anno
1445 2193 1688 2252 predicto,
1715 2207 1806 2253 quo
1830 2193 1968 2239 cert0²
1991 2207 2088 2238 non
2112 2193 2287 2250 recolit,

248 2255 297 2300 in
335 2256 548 2302 ecclesia
584 2256 859 2316 parochiali
895 2256 960 2302 de
998 2257 1223 2312 Beltone,
1261 2256 1626 2303 Lincolniensis
1650 2256 1878 2314 diocesis,
1904 2257 2118 2317 predicti
2139 2257 2298 2303 abbas

248 2322 298 2365 et
335 2321 472 2379 prior
508 2321 746 2367 sederunt
781 2320 1079 2376 adinuicem,
1117 2324 1168 2366 et
1206 2319 1343 2381 quod
1378 2320 1499 2379 ipsis
1539 2320 1622 2366 die
1657 2323 1707 2365 et
1746 2320 1860 2366 loco
1899 2321 2169 2367 constituta
2203 2320 2297 2366 fuit

249 2395 420 2429 coram
445 2384 516 2430 eis
541 2383 676 2430 dicta
700 2383 904 2430 domina
938 2384 1111 2439 electa,
1149 2386 1198 2429 et
1234 2383 1371 2445 quod
1408 2383 1597 2429 ibidem
1634 2383 1797 2429 dictus
1835 2383 1975 2444 Beby
2010 2384 2210 2443 legebat
2245 2384 2296 2429 in

248 2447 450 2506 publico
486 2447 670 2493 dictam
707 2448 1028 2502 eleccionem,
1054 2450 1103 2493 et
1126 2447 1315 2493 ibidem
1339 2447 1460 2493 dicti
1483 2447 1640 2492 abbas
1663 2450 1712 2492 et
1735 2447 1871 2506 prior
1895 2451 1944 2493 et
1969 2448 2110 2508 Beby
2133 2447 2296 2493 discu-

249 2511 449 2556 ciebant
484 2511 792 2558 eleccionem
826 2511 1125 2567 huiusmodi,
1153 2513 1201 2556 et
1225 2510 1361 2573 quod
1385 2510 1507 2556 dicti
1531 2510 1704 2556 abbas³
1725 2511 2077 2557 examinabant
2111 2511 2298 2557 dictam

248 2573 459 2620 electam
504 2576 668 2634 super⁴
712 2575 934 2621 abilitate
980 2590 1080 2628 sua,
1129 2578 1178 2620 et
1222 2575 1345 2620 dicit
1383 2574 1520 2636 quod
1560 2574 1655 2620 hec
1694 2574 1862 2620 omnia
1899 2573 2033 2621 facta
2074 2574 2298 2620 indicta

247 2638 459 2684 ecclesia
485 2638 696 2685 Beltone
719 2639 844 2685 vidit
867 2642 918 2684 et
939 2638 1132 2684 audiuit
1155 2639 1248 2684 iste
1271 2639 1472 2693 iuratus,
1496 2639 1549 2682 vt
1572 2637 1656 2700 qui
1680 2637 1776 2683 hiis
1800 2638 2031 2684 omnibus
2054 2637 2294 2684 interfuit.

251 2702 591 2761 Interrogatus
613 2704 817 2762 insuper
840 2703 934 2748 iste
969 2703 1156 2748 iuratus
1193 2703 1233 2748 si
1271 2702 1392 2748 dicti
1428 2702 1585 2747 abbas
1621 2703 1671 2746 et
1706 2702 1843 2760 prior
1882 2701 2300 2748 confirmauerant

249 2764 435 2811 dictam
459 2766 779 2823 eleccionem,
806 2766 930 2812 dicit
953 2765 1090 2828 quod
1113 2766 1196 2811 sic.
1283 2766 1622 2824 Interrogatus
1658 2764 1722 2811 de
1758 2780 1907 2812 causa
1943 2766 2159 2812 sciencie
2195 2779 2297 2822 sue,

249 2828 371 2874 dicit
414 2830 551 2890 quod
590 2830 716 2876 vidit
751 2829 954 2892 quando
995 2829 1116 2876 dicti
1152 2829 1309 2875 abbas
1346 2832 1395 2875 et
1431 2830 1567 2888 prior
1602 2828 1830 2875 fecerunt
1865 2829 2052 2875 dictam
2087 2829 2299 2875 electam

248 2891 598 2950 genuflectem⁵
620 2894 783 2940 iurare
806 2908 954 2953 super
977 2893 1159 2939 librum
1184 2892 1320 2955 quod
1344 2892 1558 2938 fideliter
1582 2891 1774 2938 faceret
1803 2892 2301 2939 administracionem

249 2955 577 3014 spiritualium
614 2961 664 3003 et
702 2957 1052 3018 temporalium
1088 2957 1336 3016 prioratus
1373 2956 1438 3003 de
1477 2955 1793 3011 Gracedieu,⁶
1828 2959 1878 3002 et
1913 2971 2061 3016 super
2097 2956 2208 3010 hoc,
2246 2958 2299 3002 vt

251 3019 373 3064 dicit
394 3020 488 3066 iste
511 3021 710 3075 iuratus,
737 3022 901 3068 dictus
922 3021 1079 3067 abbas
1102 3020 1311 3066 tradidit
1329 3020 1464 3066 dicte
1483 3020 1642 3066 electe
1659 3019 1826 3065 claues
1844 3020 2069 3077 ecclesie,
2088 3022 2139 3066 et
2156 3019 2299 3066 aliter

352 3129 364 3153 ¹
392 3132 496 3181 quod
519 3133 733 3171 caneelled.

355 3182 370 3205 ³
394 3185 457 3220 die
474 3183 653 3222 omitted.

351 3231 367 3255 ³
392 3240 428 3271 ct
443 3237 559 3283 prior
575 3235 754 3274 omitted.

351 3283 367 3307 ⁴
392 3286 462 3323 abb
481 3287 696 3325 cancelled.

349 3334 365 3358 ⁵
392 3337 482 3374 Sic:
511 3337 570 3375 for
590 3338 921 3388 genuflectentem.

349 3386 366 3411 ⁶
391 3393 428 3426 et
443 3389 563 3426 aliter
579 3389 797 3428 cancelled.

349 3456 362 3480 ¹
392 3457 468 3496 See
498 3458 721 3505 Vzkitations‚
742 3467 768 3503 1,
788 3469 850 3505 91,
871 3461 958 3497 218.

347 3509 363 3533 ²
390 3510 426 3547 I.
447 3522 479 3549 e.
499 3509 642 3559 bishop
666 3510 936 3559 Repyngdon.

347 3558 363 3583 ³
392 3559 467 3598 His
487 3561 736 3599 benediction
758 3562 809 3610 by
828 3561 890 3598 his
909 3562 1095 3600 diocesan
1116 3561 1213 3600 does
1233 3572 1303 3599 not
1322 3575 1428 3601 seem
1448 3572 1489 3599 to
1508 3562 1556 3601 be
1577 3561 1778 3601 recorded.

347 3610 363 3634 ⁴
390 3612 537 3662 Amyas
557 3625 636 3650 was
654 3612 847 3651 admitted
880 3623 922 3650 to
954 3613 1021 3651 the
1053 3612 1187 3662 priory
1218 3613 1260 3650 of
1298 3612 1492 3659 Breedon,
1529 3615 1575 3650 28
1608 3613 1701 3662 July
1737 3622 1846 3660 1411,
1881 3613 2028 3663 during
2059 3612 2298 3662 archbishop

241 3660 456 3701 Arundel's
475 3663 678 3701 visitation
699 3663 741 3700 of
757 3664 825 3702 the
847 3665 1032 3712 province
1056 3663 1270 3711 (Lambeth
1293 3663 1397 3714 Reg.
1420 3664 1616 3711 Arundel,
1634 3672 1679 3710 11,
1698 3663 1726 3703 f.
1745 3664 1824 3712 85).
1901 3663 1965 3702 He
1993 3677 2073 3702 was
2099 3678 2122 3702 a
2153 3677 2226 3702 son
2256 3663 2298 3701 of

241 3711 344 3755 John
367 3714 529 3763 Amyas,
548 3715 686 3752 buried
707 3727 746 3751 at
765 3714 991 3760 Thornhill,
1011 3715 1170 3759 Yorks.,
1191 3715 1324 3753 whose
1352 3715 1432 3753 will
1453 3729 1530 3753 was
1549 3715 1699 3765 proved
1724 3725 1765 3752 12
1788 3716 1909 3764 Aug„
1936 3726 2044 3762 1419.
2117 3715 2194 3753 For
2228 3714 2296 3753 the

243 3763 404 3802 descent
424 3765 466 3802 of
483 3765 549 3803 the
570 3765 719 3816 family,
734 3778 798 3803 see
819 3777 912 3803 note
933 3778 973 3803 to
994 3766 1061 3803 the
1081 3765 1160 3803 will
1180 3765 1222 3804 of
1239 3765 1418 3805 Williarn
1437 3768 1600 3815 Amyas,
1623 3767 1664 3805 of
1683 3766 1876 3817 Horbury
1897 3767 2111 3817 (1509·10)‚
2130 3766 2169 3804 in
2196 3766 2291 3806 Test-

242 3814 359 3854 Ebor.
381 3816 563 3862 (Surtees
582 3817 689 3866 Soc.)
709 3829 747 3854 v.
773 3825 899 3862 17·20.
