2488 4296
253 422 366 479 ιγ]
726 400 1214 462 ALNWICK‘S
1298 397 1865 461 VISITATIONS

382 563 556 607 Frater
599 560 851 622 Johannes
898 561 1058 617 Mace,
1105 561 1390 607 cellerarius
1440 563 1490 606 et
1544 556 1763 614 Sacrista,
1816 559 2094 620 requisitus,
2145 557 2300 621 quod¹

251 626 456 687 quidam
500 626 802 671 camerarius
846 626 1027 684 prioris
1072 625 1203 671 iacet
1246 625 1382 670 iuxta
1427 624 1807 669 dormitorium:
1855 623 1906 668 in
1953 623 2134 669 ceteris
2180 622 2305 668 dicit

255 690 424 734 omnia
457 689 600 734 bene.
2023 688 2026 690 ’

385 762 557 807 Frater
590 761 844 822 Johannes
880 761 1146 807 Sotertone
1181 761 1304 807 dicit
1337 760 1474 822 quod
1508 760 1742 818 magister
1779 759 2001 805 Thomas
2038 759 2306 820 Kyngtone

256 838 355 870 non
380 825 484 870 vult
506 824 788 884 informare²
810 825 1036 870 nouicios
1059 826 1110 870 in
1127 825 1402 885 gramatica
1427 824 1520 868 nisi
1545 823 1729 868 habeat
1751 837 1842 882 pro
1865 823 2038 869 labore
2060 823 2186 869 vltra
2208 837 2306 885 que

254 887 518 934 facultates
541 889 762 947 ipsorum
787 888 1098 933 nouiciorum
1123 890 1405 947 suppetant.

386 962 560 1007 Frater
582 960 867 1006 Willelmus
891 961 1150 1021 Spaldyng
1173 961 1296 1006 dicit
1318 960 1456 1022 quod
1473 960 1684 1006 clericus
1701 960 1990 1006 monasterii
2005 962 2080 1006 est
2097 959 2306 1005 multum

257 1025 546 1084 necgligens
583 1026 633 1070 et
669 1025 903 1070 remissus
926 1026 977 1070 in
1001 1038 1091 1070 suo
1115 1023 1295 1080 officio,
1321 1027 1374 1069 vt
1395 1025 1446 1069 in
1470 1024 1760 1083 pulsacione
1785 1038 2139 1083 campanarum
2173 1025 2223 1069 et
2255 1023 2307 1068 in

257 1089 630 1134 ministracione
653 1103 742 1133 sua
765 1087 830 1133 ad
853 1087 1008 1134 altare
1032 1090 1081 1134 et
1105 1088 1156 1133 in
1180 1088 1375 1134 ceteris.

283 1227 302 1270 t
371 1161 514 1270 tItem
538 1161 663 1270 {licit
685 1161 821 1222 quod
846 1176 945 1207 non
966 1161 1155 1207 habent
1176 1162 1457 1221 janitorem,
1477 1134 1575 1222 qua
1593 1161 1859 1207 occasione
1875 1162 2022 1220 porte
2038 1159 2308 1222 aliquando

258 1239 280 1270 s
305 1239 368 1270 an
414 1239 535 1284 aper
560 1238 601 1271 e.

391 1302 564 1347 Frater
586 1300 869 1346 Willelmus
894 1300 1130 1356 Bostone,
1157 1301 1382 1346 habitum
1405 1314 1585 1360 gerens
1617 1301 1807 1347 ibidem
1841 1315 1931 1360 per
1963 1315 2162 1356 annum,
2188 1299 2312 1346 dicit

260 1365 396 1426 quod
433 1366 670 1424 magister
705 1364 929 1410 Thomas
971 1364 1240 1425 Kyngtone
1278 1365 1476 1410 instruit
1515 1366 1678 1424 ipsum
1718 1367 1768 1410 et
1807 1364 2111 1411 confratrem
2150 1363 2311 1409 suum⁸

260 1428 531 1489 aliquando
575 1429 626 1473 in
671 1428 975 1487 gramatica:
1017 1428 1195 1487 recipit
1239 1430 1406 1474 tamen
1446 1442 1538 1487 pro
1577 1429 1829 1490 quarterio
1867 1429 1985 1474 anni
2023 1443 2090 1474 xx
2127 1428 2175 1472 d.
2216 1441 2310 1487 pro

259 1492 445 1547 labore,
472 1495 521 1538 et
545 1492 667 1538 dicit
690 1491 828 1552 quod
850 1491 1113 1537 facultates
1137 1506 1224 1537 sue
1247 1491 1313 1537 ad
1336 1491 1435 1537 hoc
1458 1506 1584 1538 onus
1607 1506 1709 1538 non
1733 1494 2017 1551 suppetunt.

391 1564 581 1611 Frater‘1
603 1564 886 1610 Willelmus
911 1564 1169 1625 Spaldyng
1186 1568 1385 1610 notatur
1403 1579 1516 1610 cum
1537 1565 1787 1624 Margeria
1805 1565 2110 1612 Wastnesse.
2163 1565 2309 1612 Com-

261 1630 425 1688 paruit
460 1631 510 1674 et
545 1629 747 1674 obiecto
786 1629 996 1673 articulo
1036 1631 1187 1687 negat
1223 1629 1447 1674 crimen:
1481 1628 1615 1674 vnde
1655 1629 1827 1674 datum
1867 1632 1942 1675 est
1980 1629 2075 1675 sibi
2113 1632 2312 1688 tempus

260 1692 533 1739 inmediate
569 1694 684 1751 post
719 1691 983 1751 prandium
1021 1691 1246 1738 eiusdem
1281 1691 1381 1737 diei
1405 1693 1456 1736 in
1480 1692 1660 1738 eodem
1683 1692 1797 1738 loco
1820 1693 1885 1738 ad
1908 1692 2224 1752 purgandum
2258 1707 2312 1738 se

262 1771 374 1802 cum
400 1758 612 1816 quatuor
636 1755 700 1801 de
723 1755 1059 1801 confratribus
1093 1756 1207 1801 suis.
1275 1755 1387 1814 Quo
1420 1758 1648 1815 tempore
1682 1757 1963 1815 comparuit
1998 1759 2047 1802 et
2083 1756 2315 1816 purgauit

262 1835 315 1866 se
339 1835 453 1865 cum
476 1821 657 1879 priore,
681 1819 880 1864 Thoma
905 1819 1115 1876 Marom,
1140 1819 1338 1864 Thoma
1364 1819 1578 1879 Blytone
1601 1821 1651 1864 et
1673 1818 1901 1880 Johanne
1925 1819 2087 1866 Mace.

391 1893 538 1939 Salua
573 1895 823 1951 potestate
858 1892 1078 1938 faciendi
1113 1893 1457 1938 iniuncciones
1481 1895 1531 1938 et
1553 1893 1802 1949 mandata,
1828 1896 1878 1939 et
1899 1895 2153 1940 reseruata
2184 1908 2316 1954 pena

263 1958 405 2003 istius
450 1956 653 2002 detecti⁵
698 1956 763 2002 de
805 1955 948 2015 lapsu
993 1956 1169 2013 carnis,
1217 1956 1450 2001 dominus
1495 1956 1724 2002 dissoluit
1765 1958 2111 2004 visitacionem
2158 1972 2313 2015 suam,

264 2020 581 2080 presentibus
602 2019 899 2066 Thorntone
923 2022 973 2065 et
995 2019 1243 2080 Skayman
1268 2022 1318 2066 et
1340 2034 1420 2066 me
1445 2019 1698 2066 Colstone.
1943 2019 1945 2021 ’

400 2266 516 2328 [Fo.
554 2265 642 2326 79]
712 2265 1010 2319 Willelmus,
1052 2267 1380 2325 permissione
1421 2267 1592 2312 diuina
1635 2267 1999 2313 Lincolniensis
2035 2269 2315 2327 episcopuS.

270 2331 466 2376 dilectis
490 2331 539 2375 in
565 2330 766 2375 Christo
801 2329 914 2374 filiis
947 2331 1102 2389 priori
1139 2332 1189 2376 et
1225 2331 1493 2376 conuentui
1530 2331 1778 2390 prioratus
1815 2331 1879 2376 de
1918 2332 2091 2392 Kyma,
2127 2331 2318 2377 ordinis

268 2395 426 2440 sancti
462 2393 739 2452 Augustini,
775 2396 945 2439 nostre
983 2393 1212 2449 diocesis,
1238 2395 1554 2452 presentibus
1577 2397 1627 2440 et
1650 2393 1826 2440 futuris
1850 2394 2072 2452 salutem,
2098 2395 2318 2454 graciam

268 2462 319 2504 et
363 2457 794 2503 benediccionem.
885 2457 1010 2502 Cum
1054 2457 1327 2516 plantatam
1373 2461 1595 2503 sanctam
1637 2457 1929 2517 religionem
1967 2458 2043 2517 (εἰὅ
2064 2461 2233 2504 cetera
2266 2460 2319 2504 vt

268 2536 418 2581 supra
440 2522 491 2566 in
516 2519 837 2581 Croylande)⁷
860 2521 1193 2566 obseruanda.

400 2604 456 2648 In
482 2604 655 2662 primis
678 2604 981 2662 iniungimus
1004 2604 1165 2649 vobis⁸
1188 2605 1341 2663 priori
1365 2605 1415 2650 in
1439 2605 1620 2650 virtute
1644 2605 1941 2652 obediencie
1978 2609 2028 2652 et
2063 2606 2156 2651 sub
2189 2621 2320 2665 pena

270 2670 588 2726 contemptus
611 2669 675 2721 vt,
702 2682 806 2711 cum
832 2667 999 2726 plures
1023 2667 1087 2713 de
1111 2668 1447 2713 confratribus
1482 2669 1658 2713 vestris
1694 2668 1837 2728 plura
1873 2672 2122 2729 occupent
2155 2669 2320 2715 officia

268 2734 368 2775 tam
393 2730 642 2775 interiores>
665 2745 813 2790 quam
848 2731 1108 2786 exteriora,
1118 2729 1149 2758 ¹⁰
1170 2746 1372 2791 quorum
1410 2733 1460 2776 in
1485 2731 1753 2777 manibusss
1776 2733 2040 2794 vtrobique
2063 2747 2157 2778 non
2181 2748 2318 2792 pros-

269 2793 542 2853 perantur¹²
559 2796 608 2839 et
627 2809 655 2838 a
674 2794 856 2838 diuinis
875 2793 1051 2839 officiis
1070 2796 1326 2840 nocturnis
1345 2798 1394 2840 et
1413 2795 1603 2840 diurnis
1618 2811 1674 2840 ea
1689 2796 1976 2853 οσεαςίοηε,13
1990 2795 2079 2841 ne14
2097 2795 2321 2842 dicamus

270 2873 332 2904 ex
354 2856 646 2911 affeccione,
671 2857 1039 2913 abstrahuntur,
1065 2858 1150 2903 vt¹⁵
1174 2859 1213 2903 si
1237 2859 1531 2904 omnimodo
1568 2862 1799 2918 oporteat
1834 2875 1984 2905 vnum
2023 2861 2321 2906 canonicum

271 2922 371 2966 duo
394 2920 474 2966 vel
497 2920 639 2979 plura
662 2935 910 2979 occupare
934 2920 1148 2977 officia‚¹⁶
1162 2922 1308 2981 presit
1330 2922 1512 2968 talibus
1535 2937 1632 2983 que
1656 2926 1770 2968 sunt
1802 2923 1946 2969 simul
1979 2923 2045 2969 ad
2079 2924 2210 2969 intra
2241 2923 2320 2970 vel

374 3031 387 3054 1
417 3033 481 3069 Sic
497 3046 505 3069 ε
535 3033 628 3068 dicit
653 3032 832 3070 omitted.

373 3081 390 3106 ²
418 3083 632 3121 Interlined
651 3084 776 3121 above
794 3086 918 3121 aslisce
936 3085 1137 3123 cancelled
1155 3099 1163 3122 z
1192 3088 1319 3123 docere
1336 3086 1418 3123 also
1437 3085 1645 3124 interlined
1665 3086 1742 3123 and
1761 3086 1974 3125 cancelled.

376 3134 392 3157 ³
419 3135 768 3172 nouiccancelled.

377 3184 392 3208 ⁴
408 3185 611 3233 johannes
629 3187 794 3224 Bostone
821 3187 1035 3225 cancelled.

376 3236 391 3259 ⁵
419 3238 580 3274 Altered
601 3238 698 3275 from
718 3239 870 3275 detecta.

375 3287 391 3311 ⁶
421 3289 635 3326 Interlined
654 3289 779 3326 above
798 3295 840 3326 vt
857 3290 1071 3327 cancelled.

378 3340 392 3366 ⁷
421 3340 638 3377 Bracketed
659 3341 787 3378 words
806 3342 1039 3379 underlined
1058 3341 1098 3379 in
1117 3342 1295 3391 original.

380 3389 395 3413 8
422 3403 506 3427 vnu
522 3391 736 3428 cancelled.

379 3441 395 3464 9
423 3442 639 3479 Interlined
658 3442 783 3479 above
802 3444 996 3480 exteriora
1014 3444 1226 3482 cancelled.

364 3492 395 3516 1⁰
422 3494 503 3530 ideo
521 3495 625 3542 quod
639 3494 854 3531 cancelled.

364 3543 392 3567 1¹
421 3546 504 3581 suis
523 3545 738 3582 cancelled.
1122 3564 1124 3567 ⁴

365 3595 395 3619 ¹2
422 3596 584 3633 Altered
604 3595 702 3632 from
716 3602 869 3644 prosper
879 3603 1017 3633 enlm:
1047 3599 1114 3634 sed
1134 3598 1346 3636 cancelled.

365 3645 394 3670 ²³
417 3653 575 3695 propter
589 3647 712 3696 officia
729 3647 960 3685 huiusmodi
975 3654 1012 3685 et
1028 3662 1160 3686 eorum
1180 3651 1318 3687 varias
1334 3651 1598 3699 occupaciones
1615 3651 1829 3688 cancelled.

364 3696 395 3720 ¹⁴
424 3698 642 3735 Interlined
660 3699 786 3736 above
806 3711 884 3736 non
902 3700 1115 3737 cancelled.

344 3747 397 3782 ‚1⁵
424 3749 513 3786 Sic:
543 3755 585 3786 vt
611 3750 809 3797 repeated.

367 3797 398 3822 ¹⁶
419 3801 574 3850 prosint
589 3800 802 3838 cancelled.

2479 2203 2488 2216 .

2481 2367 2488 2425 si

2475 2448 2488 2504 l

2472 2506 2488 2597 ,ξ

2480 2609 2488 2650 ε
