2476 4412
299 434 332 473 2
330 434 373 490 3
699 474 714 487 ‚
750 412 1236 477 ALNWICK’S
1320 409 1886 469 VISITATIONS

427 574 632 632 (Contra
654 569 922 631 abbatem.)
992 571 1119 615 Item
1144 567 1426 630 dicitquod
1456 568 1525 626 iiij
1561 567 1837 613 iunioribus
1870 567 2131 615 monachis
2163 569 2334 616 incon·

299 636 439 682 sultis
470 634 646 682 abbas1
668 634 894 680 vendidit
916 648 1067 678 vnum
1090 631 1376 678 corrodium
1400 631 1599 677 cuidam
1630 630 1844 692 Johanni
1871 631 2087 677 Browne
2111 635 2160 678 et
2182 647 2334 679 vnum

298 698 538 760 b[oscum
570 695 827 758 vocatum]
871 696 1087 756 Horsley
1110 698 1159 742 et
1192 695 1476 740 manumisit
1509 693 1761 756 quendam
1795 695 2032 752 natiuum,
2059 695 2335 742 Robertum

304 762 609 822 Hervysone.

431 858 546 920 [Fo.
572 856 710 918 35d.]
785 857 956 902 Frater
978 855 1201 901 Thomas
1230 854 1448 900 Bartone
1472 853 1852 899 subcellerarius
1876 854 1998 900 dicit
2021 855 2159 917 quod
2181 855 2336 903 frater

298 921 578 968 Willelmus
604 920 871 979 Langtofte
905 919 1111 965 sacrista
1145 918 1358 977 percipit
1393 918 1763 976 septimanatim
1796 932 1889 977 pro
1924 918 2108 965 clerico
2141 934 2233 965 suo
2265 921 2331 981 vij

298 999 452 1045 panes
475 986 663 1043 griseos
687 998 811 1044 quos
833 982 1006 1028 vendit
1027 983 1106 1028 vel
1129 981 1249 1027 alias
1274 981 1535 1036 consumit,
1561 980 1817 1042 quomodo
1842 981 2093 1028 nescitur?

426 1048 552 1093 Item
576 1047 698 1092 dicit
720 1046 856 1108 quod
881 1045 1064 1091 malum
1088 1045 1310 1104 regimen
1333 1043 1695 1090 monachorum
1728 1046 2057 1091 existencium
2090 1046 2141 1091 in
2176 1046 2332 1092 minu-

297 1111 523 1157 cionibus
577 1110 711 1169 apud
762 1109 1002 1169 Sotherey
1048 1111 1122 1154 est
1165 1108 1424 1167 potissima
1469 1122 1618 1153 causa
1662 1107 1885 1153 scandali
1930 1110 2235 1156 monasterio
2279 1113 2330 1157 et

296 1173 656 1220 destruccionis
679 1173 924 1218 bonorum
947 1172 1285 1218 communium
1309 1172 1612 1231 monasterij.

424 1237 550 1282 Item
589 1236 710 1281 dicit
750 1235 887 1296 quod
926 1250 1039 1280 cum
1078 1235 1234 1280 abbas
1273 1234 1586 1294 prohibuerit
1630 1234 1891 1281 monachis
1936 1249 2000 1282 ne
2044 1238 2224 1283 exeant
2267 1236 2334 1283 ad

294 1299 460 1345 villam
482 1299 561 1345 vel
583 1299 652 1345 ibi
687 1299 862 1344 bibant
884 1300 968 1343 aut
1002 1297 1335 1353 commedant,
1362 1298 1543 1357 spretis
1578 1298 1864 1343 huiusmodi
1898 1299 2333 1358 prohibicionibus

293 1362 497 1424 quidam
531 1365 580 1408 et
613 1363 875 1421 presertim
908 1361 1086 1407 fratres
1121 1361 1405 1407 Willelmus
1441 1361 1644 1420 Burghe
1668 1364 1718 1408 et
1751 1361 2036 1408 Willelmus
2063 1363 2333 1424 Langtofte

295 1428 475 1472 exeunt
498 1426 853 1471 monasterium
875 1425 940 1470 ad
962 1424 1130 1470 villam
1153 1439 1213 1471 ac
1237 1425 1414 1470 bibunt
1438 1427 1489 1470 et
1512 1425 1786 1471 comedunt
1811 1425 2015 1472 ibidem.

422 1529 593 1574 Frater
616 1528 897 1573 Willelmus
923 1526 1187 1588 Bekeryng
1210 1527 1451 1574 diaconus
1475 1527 1598 1573 dicit
1621 1527 1685 1574 de
1719 1543 1890 1574 rasura
1922 1529 2158 1576 iuuenum
2192 1545 2331 1578 mon-

294 1591 532 1638 achorum
554 1594 606 1637 vt
629 1606 790 1651 supra.

422 1655 548 1716 Item
572 1655 694 1701 dicit
717 1655 781 1701 de
804 1654 1194 1701 alienacionibus
1217 1654 1363 1700 factis
1380 1654 1570 1717 absque
1589 1669 1837 1702 consensu
1855 1658 2067 1717 quatuor
2083 1657 2332 1704 iuniorum

293 1721 343 1766 et
365 1719 790 1778 impignoracione
814 1718 1059 1765 iocalium.

421 1782 548 1828 Item
571 1782 692 1828 dicit
723 1782 859 1844 quod
882 1782 1032 1828 missa
1056 1781 1119 1828 de
1144 1782 1363 1841 capitulo
1387 1797 1489 1828 non
1514 1783 1696 1829 dicitur
1719 1783 2028 1845 aliquociens
2051 1784 2103 1831 in
2128 1784 2332 1832 defectu

295 1845 524 1892 Bartone.
1594 1882 1599 1884 -

420 1909 546 1955 Item
580 1909 702 1956 dicit
734 1909 869 1969 quod
904 1909 1122 1955 Bartone
1145 1908 1295 1956 vellet
1325 1924 1500 1956 omnes
1524 1910 1619 1956 sibi
1644 1909 1854 1958 obedire
1877 1913 1927 1958 et
1949 1912 2058 1972 ipse
2084 1912 2204 1958 nulli
2227 1912 2332 1959 vult

292 1972 512 2019 obedire.

420 2036 545 2081 Item
570 2036 691 2083 dicit
714 2036 779 2082 de
802 2051 903 2082 non
926 2037 1250 2096 reparacione
1274 2035 1415 2083 chori
1438 2039 1491 2083 vt
1514 2052 1679 2097 supra.

420 2100 545 2144 Item
568 2099 703 2146 idem
728 2100 945 2146 Bartone
968 2101 1019 2145 in
1042 2101 1346 2161 turpiloquio
1370 2100 1671 2147 dehonestat
1694 2101 1873 2149 fratres
1897 2116 2026 2149 suos.

419 2162 545 2208 Item
569 2163 707 2209 dicit³
730 2163 793 2209 de
816 2164 981 2210 verbis
1006 2164 1153 2211 dictis
1178 2165 1398 2211 Bartone
1421 2179 1512 2224 per
1545 2165 1771 2212 Vltimum
1804 2166 2041 2212 abbatem
2074 2168 2127 2213 vt
2161 2182 2326 2228 supra,

289 2225 522 2272 videlicet
546 2226 609 2273 de
632 2226 946 2273 infedilitate⁴¹
967 2228 1122 2287 ipsius
1146 2228 1357 2275 Thome.

420 2290 545 2335 Item
570 2290 690 2335 dicit
714 2290 778 2337 de
801 2292 1032 2337 cantariis
1055 2294 1107 2337 vt
1131 2307 1293 2351 supra.

419 2353 546 2398 Item
569 2353 690 2399 dicit
715 2354 778 2400 de
802 2368 863 2400 eo
886 2354 1021 2415 quod
1047 2355 1266 2402 Bartone
1290 2371 1391 2402 non
1414 2357 1544 2403 iacet
1567 2356 1618 2402 in
1643 2356 1939 2405 dormitorio
1962 2358 2014 2403 vt
2037 2372 2200 2418 supra.

421 2453 535 2515 [Fo.
564 2454 668 2517 39.]
741 2457 818 2502 De
850 2457 1143 2505 visitacione
1179 2458 1458 2519 Bardeney.

421 2517 648 2580 [Frater]
697 2519 919 2566 Thomas
958 2521 1190 2579 Bartone,
1229 2522 1295 2568 ad
1331 2522 1648 2582 purgandum
1687 2538 1741 2569 se
1780 2538 1930 2583 super
1975 2522 2330 2572 diffamacione

290 2579 529 2641 Johannis
577 2582 708 2629 Hole
748 2599 861 2629 cum
899 2599 1053 2631 vxore
1095 2585 1271 2632 lotoris
1315 2587 1603 2647 monasterij
1646 2601 1760 2633 cum
1806 2587 2004 2633 duobus
2049 2588 2326 2646 monachis,

290 2646 519 2702 purgauit
542 2660 595 2691 se
619 2661 731 2692 cum
753 2647 1011 2694 Willelmo
1037 2649 1241 2708 Burghe
1266 2652 1316 2695 et
1338 2649 1597 2696 Willelmo
1623 2650 1920 2711 Croylande.

419 2706 676 2770 [Fratre]s
704 2710 952 2756 Henricus
978 2712 1220 2759 Lincolne
1245 2716 1294 2759 et
1317 2713 1601 2759 Willelmus
1620 2714 1902 2773 Croylande,
1922 2714 1988 2760 ad
2011 2715 2328 2774 purgandum

287 2783 340 2815 se
363 2784 476 2816 cum
498 2772 530 2831 ij
557 2774 815 2819 monachis
845 2777 934 2833 pro
959 2775 1166 2835 quolibet
1190 2777 1254 2823 de
1279 2791 1340 2823 eo
1363 2776 1501 2838 quod
1526 2776 1644 2824 non⁴
1667 2777 1936 2824 intendunt
1971 2779 2328 2838 potacionibus

287 2834 515 2879 serotinis
539 2839 651 2894 post
674 2838 1054 2896 completorium
1079 2843 1128 2886 et
1165 2841 1508 2900 sompniantes
1531 2842 1582 2886 in
1607 2841 1764 2887 choro
1801 2840 1943 2903 [sunt
1965 2841 2059 2903 im]
2069 2842 2326 2902 pedimen-

285 2897 389 2941 tum
425 2898 763 2956 psallencium.
833 2901 1075 2948 Lincolne
1111 2904 1298 2949 iuratus
1337 2906 1412 2950 est
1449 2904 1514 2950 de
1551 2919 1653 2950 non
1690 2905 2007 2952 exercendo:
2042 2906 2326 2968 Croylande

284 2959 461 3005 iterato
485 2961 670 3008 iuratus
694 2967 768 3009 est
792 2965 880 3010 se.⁵

416 3022 618 3083 [Frater
655 3026 929 3087 R]icardus
968 3029 1226 3090 Parteney,
1265 3030 1331 3076 ad
1360 3031 1677 3090 purgandum
1701 3047 1755 3078 se
1779 3031 1843 3079 de
1867 3033 2176 3093 proprietate
2210 3048 2324 3080 cum

286 3084 479 3132 duobus
504 3091 775 3145 monachis,
801 3094 1031 3151 purgauit
1056 3108 1109 3139 se
1133 3109 1247 3139 cum
1269 3094 1440 3141 Yorke
1464 3098 1514 3141 et
1540 3095 1855 3155 Langetofte.

382 3212 390 3219 ·
417 3148 644 3221 [Frater]
686 3154 937 3214 Johannes
978 3156 1123 3212 Hole,
1149 3157 1214 3202 ad
1250 3158 1566 3217 purgandum
1590 3174 1644 3205 se
1667 3174 1781 3205 cum
1805 3160 1855 3220 iij
1883 3159 2143 3206 monachis
2177 3174 2328 3220 super

287 3225 500 3269 penuria
523 3217 722 3262 racione
746 3232 845 3263 non
869 3219 1226 3266 celebracionis
1251 3222 1511 3267 missarum
1535 3237 1627 3281 pro
1651 3223 1852 3282 regibus
1879 3241 1888 3279 ;

419 3274 633 3338 [Idem]‚
660 3280 725 3324 ad
761 3282 1075 3340 purgandum
1114 3299 1167 3330 se
1204 3299 1317 3330 cum
1354 3286 1404 3345 iij
1445 3286 1707 3332 monachis
1744 3301 1894 3346 super
1931 3286 2178 3333 adulterio
2212 3302 2326 3333 cum

286 3335 513 3445 {phanna
553 3341 722 3388 Raven
759 3345 1035 3404 coniugata,
1074 3349 1306 3406 purgauit
1343 3363 1396 3395 se
1437 3364 1550 3395 cum
1593 3350 1877 3410 Langtofte,
1919 3350 2240 3411 Elkyngtone
2274 3353 2325 3397 et
2391 3397 2397 3402 ,

331 3414 384 3444 ar
409 3415 547 3462 eney.

418 3464 589 3511 Frater
624 3467 874 3527 Johannes
912 3472 1086 3534 Bracy,
1112 3473 1177 3519 ad
1213 3475 1530 3534 purgandum
1566 3491 1620 3522 se
1656 3491 1769 3522 cum
1805 3477 1855 3537 iij
1883 3476 2144 3523 monachis
2177 3491 2328 3537 super

387 3573 399 3596 ¹
426 3577 542 3613 soluit
566 3578 781 3616 cancelled.

385 3624 402 3647 ²
428 3625 557 3664 There
578 3640 642 3666 are
661 3639 787 3668 traces
806 3631 848 3668 of
864 3640 976 3670 notes
995 3635 1036 3671 of
1051 3648 1074 3671 a
1093 3635 1245 3674 similar
1264 3637 1465 3675 character
1481 3644 1524 3675 to
1542 3638 1657 3676 those
1671 3638 1832 3688 already
1846 3639 1964 3688 given
1985 3639 2025 3677 in
2046 3638 2113 3677 the
2130 3639 2327 3678 left-hand

285 3675 437 3749 marg-gin
458 3678 500 3714 of
524 3678 579 3715 fo.
601 3680 687 3725 ssd,
710 3681 777 3718 but
797 3681 826 3718 it
849 3682 920 3720 has
940 3685 1039 3722 been
1059 3694 1127 3723 too
1147 3688 1263 3725 much
1283 3696 1371 3726 torn
1392 3698 1434 3726 to
1451 3688 1566 3727 allow
1585 3689 1693 3727 them
1713 3696 1754 3727 to
1773 3690 1821 3727 be
1840 3690 1949 3728 read.

425 3729 524 3776 quod
546 3730 760 3769 cancelled.

385 3778 400 3800 4
467 3781 474 3787 .

381 3827 396 3851 ⁵
425 3778 509 3867 {lace
536 3839 724 3871 sentence
751 3833 850 3872 ends
878 3836 1069 3888 abruptly
1095 3837 1202 3880 here.
