2488 4296
308 408 417 464 181
765 405 1251 467 ALNWICK’S
1335 407 1898 468 VISITATIONS

299 565 576 624 Augustini,
624 569 795 611 nostre
840 565 1070 621 diocesis,
1117 566 1434 625 presentibus
1473 569 1523 612 et
1561 566 1739 613 futuris
1779 567 2001 623 salutem,
2043 569 2262 627 graciam
2301 572 2351 615 et

299 629 730 675 benediccionem.
788 629 1058 675 Visitantes
1082 630 1180 674 iam
1203 629 1400 688 pridem
1423 644 1513 675 vos
1536 633 1585 676 et
1610 630 1800 676 dictum
1824 631 2097 689 prioratum
2115 633 2348 686 vestrum,

300 695 448 750 prout
472 693 618 738 nobis
640 692 976 748 incumbebat,
1002 691 1115 753 [ac]
1140 693 1204 738 de
1228 695 1358 738 statu
1382 693 1606 739 eiusdem
1624 696 1726 739 tam
1746 694 1950 740 interius
1967 709 2116 753 quam
2135 695 2351 740 exterius

297 755 491 801 solicite
535 756 854 815 inquirenteS,
902 770 1062 815 pauca
1111 755 1386 802 admodum
1432 756 1731 802 inuenimus1
1777 758 1922 802 nobis
1968 758 2019 802 in
2065 757 2349 804 huiusmodi

296 819 589 864 visitacioue
607 821 778 865 nostra
797 819 997 864 detecta
1014 822 1064 865 et
1083 819 1262 872 delata,
1284 820 1565 865 necessaria
1582 823 1750 866 tamen
1770 819 2101 867 reformanda.
2153 821 2348 868 Iniunc—

299 882 470 927 ciones
513 882 663 939 igitur
703 884 752 927 et
792 882 1028 928 mandata
1066 886 1236 928 nostra
1276 882 1411 928 licita
1451 886 1500 928 et
1539 884 1782 929 canonica
1820 883 2137 943 infrascripta
2171 887 2223 929 vt
2259 899 2351 943 pro

299 944 663 991 reformacione
701 945 1015 991 detectorum
1053 948 1102 991 et
1139 946 1418 991 delatorum
1456 946 1742 995 huiusmodi
1778 947 1921 992 vobis
1957 948 2351 1004 transmittimus,

299 1022 388 1067 per
412 1022 500 1054 vos
524 1011 815 1068 vestrosque
839 1023 1154 1055 successores
1177 1009 1370 1055 futuros
1393 1009 1749 1056 inuiolabiliter
1773 1010 2104 1056 obseruanda.

430 1072 487 1116 In
511 1072 685 1130 primis
708 1072 1011 1131 iniungimus
1034 1073 1178 1118 vobis
1202 1075 1250 1118 et
1275 1072 1570 1118 mandamus
1603 1075 1655 1118 vt
1691 1073 1951 1119 silencium
1987 1074 2124 1119 iuxta
2162 1073 2353 1119 ordinis

300 1136 450 1180 vestri
496 1135 740 1194 regularia
797 1136 1020 1181 instituta
1074 1136 1199 1181 locis
1243 1138 1293 1181 et
1338 1135 1474 1181 horis
1530 1135 1714 1182 debitis
1759 1139 1809 1182 et
1854 1137 2100 1196 requisitis
2155 1137 2353 1196 penitus

299 1198 577 1244 obseruetis
600 1198 678 1244 vel
702 1213 731 1244 a
754 1199 920 1245 domus
943 1201 1087 1244 vestre
1103 1198 1336 1258 professis²
1358 1198 1554 1244 faciatis
1578 1199 1833 1245 obseruari
1857 1217 1865 1256 ;
1903 1205 1952 1245 et
1976 1201 2015 1246 si
2039 1201 2149 1260 quis
2171 1202 2222 1245 in
2254 1200 2353 1247 hoc

444 1299 452 1307 .
490 1263 595 1308 siue
637 1262 901 1321 deliquerit
945 1277 1037 1321 pro
1083 1264 1243 1321 prima
1287 1263 1396 1308 vice
1441 1264 1669 1321 proxima
1713 1261 1839 1323 [iiij]
1884 1262 2009 1309 feria
2047 1265 2098 1309 in
2137 1278 2268 1323 pane
2303 1267 2354 1310 et

292 1325 528 1379 cerut‘sia‚³
551 1340 643 1384 pro
667 1325 889 1372 secunda
914 1327 1024 1372 vice
1039 1327 1288 1384 proximis
1312 1327 1380 1386 iiij
1407 1330 1457 1371 et
1480 1326 1525 1385 vj
1552 1325 1690 1371 feriis
1713 1327 1763 1371 in
1788 1341 1917 1385 pane
1942 1329 1992 1372 et
2015 1342 2154 1386 aqua,
2180 1330 2231 1373 et
2254 1341 2347 1386 pro

297 1389 452 1434 tercia
475 1389 584 1435 vice
608 1389 841 1434 omnibus
865 1390 933 1449 iiij
960 1392 1010 1435 et
1033 1390 1078 1449 vj
1106 1388 1243 1434 feriis
1282 1404 1371 1448 per
1400 1388 1692 1450 [dimidium
1716 1390 1832 1435 anni
1857 1389 2111 1451 proxime]
2140 1405 2353 1450 sequens

297 1453 348 1496 in
373 1466 502 1511 pane
527 1455 575 1497 et
598 1467 724 1511 aqua
748 1453 934 1498 ieiunet
956 1470 965 1509 3
1003 1455 1051 1498 et
1075 1453 1146 1498 sic
1171 1456 1429 1498 crescente
1467 1453 1613 1512 culpa
1647 1453 1783 1498 iuxta
1807 1453 2173 1500 discrecionem
2197 1455 2349 1513 presi—

298 1515 464 1560 dentis
493 1514 711 1575 [ordinis
734 1515 913 1576 vestri]
937 1517 987 1561 in
1009 1516 1107 1562 hoc
1130 1516 1343 1575 amplius
1367 1519 1560 1562 crescat
1585 1517 1750 1562 merito
1769 1516 2103 1576 delinquentis
2123 1520 2173 1563 et
2189 1517 2354 1576 pena.⁴

429 1579 556 1624 Item
579 1580 882 1638 iniungimus
906 1580 1048 1625 vobis
1073 1594 1206 1625 nunc
1229 1583 1279 1625 et
1302 1579 1468 1625 futuro
1493 1580 1647 1638 priori
1685 1581 1963 1639 ceterisque
1998 1580 2190 1626 ordinis
2228 1581 2351 1626 inibi

299 1642 669 1700 presidentibus
694 1646 744 1687 vt
769 1642 1035 1702 diligenter
1059 1642 1482 1701 superintendatis
1505 1642 1640 1702 quod
1665 1643 1868 1688 senibus
1902 1646 1952 1689 et
1987 1643 2353 1689 infirmantibus

299 1707 349 1750 in
390 1704 660 1751 infirmaria
701 1706 912 1752 honeste
953 1707 1208 1762 seruiatur,
1252 1707 1411 1752 eciam
1456 1707 1505 1751 in
1553 1707 1678 1752 cibis
1717 1708 1854 1752 iuxta
1892 1722 2055 1752 eorum
2093 1707 2274 1752 senium
2311 1711 2352 1753 et

295 1769 596 1828 infirmitates
619 1769 1014 1828 congruentibus,⁵
1037 1772 1087 1814 vt
1112 1784 1172 1815 eo
1196 1770 1350 1815 cicius
1374 1772 1661 1815 recreentur
1683 1787 1692 1826 ;
1730 1772 1780 1815 et
1803 1770 1938 1829 quod
1971 1785 2060 1829 per
2096 1785 2249 1816 vnum
2285 1770 2350 1817 de

299 1832 631 1878 seruientibus
667 1833 990 1879 secularibus6
1023 1833 1219 1878 domus⁷
1253 1833 1539 1879 huiusmodi
1577 1833 1796 1879 senibus⁸
1819 1836 1868 1879 et
1901 1833 2266 1880 infirmantibus
2301 1834 2352 1879 in

298 1896 398 1940 suis
422 1897 803 1942 necessitatibus
828 1896 1023 1942 faciatis
1047 1896 1379 1956 quouismodo
1404 1896 1680 1942 deseruiri.⁹

430 1959 557 2004 Item
594 1959 896 2019 iniungimus
934 1963 983 2005 et
1021 1960 1316 2006 mandamus
1352 1963 1404 2005 vt
1429 1960 1702 2006 elemosina
1725 1960 1808 2006 illa
1833 1959 1958 2020 que1⁰
1980 1975 2073 2020 pro
2097 1961 2353 2007 canonicis

300 2021 551 2068 defunctis
585 2037 717 2068 anno
754 2025 984 2082 proximo
1021 2026 1136 2082 post
1175 2037 1347 2069 eorum
1387 2026 1574 2070 mortes
1614 2038 1675 2069 ex
1713 2023 1950 2070 laudabili
1991 2024 2352 2071 consuetudine

300 2085 479 2130 domus
503 2086 815 2132 distribuitur
838 2088 967 2133 inter
990 2101 1236 2146 pauperes
1260 2088 1417 2146 magis
1450 2087 1748 2146 indigenteS‚
1773 2090 1947 2146 vtpote
1984 2088 2269 2147 decrepitos
2303 2090 2353 2134 et

299 2150 349 2193 in
390 2149 532 2195 lectis
571 2153 762 2209 propter
806 2154 1054 2210 corporum
1102 2151 1414 2210 inpolenciam
1461 2151 1695 2207 iacenteS,
1736 2151 2015 2197 dumtamen
2055 2152 2169 2197 tales
2208 2151 2352 2196 vicini

300 2213 499 2271 reperiri
514 2216 736 2272 poterunt
761 2217 810 2260 et
833 2229 934 2260 non
958 2214 1082 2260 alios
1107 2229 1168 2260 ex
1191 2214 1365 2260 fauore
1388 2214 1712 2259 distribuatur
1735 2232 1743 2270 ;
1770 2215 1973 2274 prouiso
1997 2215 2135 2276 quod
2159 2214 2244 2271 hii,
2265 2215 2350 2276 qui

301 2276 408 2321 dies
448 2290 563 2321 suos
603 2278 652 2322 in
692 2278 947 2338 obsequiis
983 2278 1162 2323 domus
1206 2277 1421 2323 fideliter
1456 2280 1766 2336 exposuerunt
1805 2277 1885 2323 et11
1921 2279 2019 2324 iam
2058 2278 2123 2324 ad
2161 2280 2352 2324 tantam

297 2339 609 2385 debilitatem
634 2344 970 2399 peruenerunt
994 2341 1131 2402 quod
1154 2342 1340 2387 victum
1366 2341 1594 2386 manibus
1618 2342 1833 2400 propriis
1852 2356 2060 2401 querere
2079 2345 2348 2401 nequeunt,

300 2404 349 2447 in
375 2403 660 2449 huiusmodi
685 2404 1046 2450 distribucione
1069 2404 1181 2449 aliis
1203 2404 1530 2464 preferantur.

429 2467 555 2512 Item
595 2468 937 2524 mandamus‚1²
972 2469 1115 2514 vobis
1152 2468 1394 2514 vniuersis
1431 2471 1480 2513 et
1516 2468 1722 2527 singulis
1759 2469 2076 2527 presentibus
2100 2471 2149 2514 et
2172 2468 2350 2514 futuris

298 2529 505 2575 firmiter
521 2531 657 2576 iniun
662 2534 851 2590 gentes,
870 2547 932 2577 ne
948 2531 1248 2593 quisquam¹³
1262 2534 1480 2583 vestrum
1497 2534 1734 2578 decetero
1749 2532 1947 2577 annalia
1964 2533 2042 2578 vel
2061 2532 2353 2578 tricennalia

300 2593 555 2639 celebrare
580 2599 834 2653 presumat
859 2596 952 2640 nisi
977 2596 1040 2641 de
1063 2596 1274 2641 licencia
1297 2595 1535 2640 ordinarii
1560 2595 1843 2655 specialiter
1878 2597 2034 2654 petita
2059 2598 2108 2642 et
2131 2596 2349 2651 obtenta,

300 2659 349 2702 et
373 2659 570 2715 patroni
595 2672 842 2704 consensu
865 2658 930 2704 ad
955 2658 1052 2704 hoc
1076 2659 1367 2705 accedente.

431 2722 557 2766 Item
581 2722 718 2782 quod
743 2722 980 2768 decetero
1005 2723 1236 2768 mulieres
1259 2722 1421 2782 alique
1456 2722 1513 2767 de
1543 2726 1687 2782 prope
1725 2726 1960 2768 morantes
1997 2737 2099 2769 non
2135 2722 2350 2781 ingredi-

300 2788 444 2829 antur
468 2785 747 2830 clausuram
771 2786 900 2831 inter
924 2801 1103 2831 nauem
1129 2789 1177 2832 et
1200 2787 1484 2845 superiorem
1504 2789 1690 2845 partem
1715 2786 1812 2831 siue
1835 2785 2031 2832 chorum
2057 2786 2268 2832 ecclesie
2286 2785 2352 2831 ad

301 2848 475 2892 missas
499 2848 788 2904 audiendas,
815 2849 904 2895 sed
928 2850 997 2894 ita
1020 2849 1344 2908 prouideatur
1361 2852 1413 2894 vt
1432 2850 1606 2895 missas
1630 2849 1916 2895 huiusmodi
1934 2849 2139 2895 audiant
2162 2850 2212 2895 in
2237 2849 2351 2895 naui

299 2911 565 2957 antedicta.

432 2976 558 3020 Item
593 2975 895 3034 iniungimus
929 2976 1071 3021 vobis
1107 2977 1350 3022 vniuersis
1388 2979 1436 3022 et
1473 2976 1691 3035 singulis,
1728 2977 2043 3035 presentibus
2076 2976 2348 3033 etgfuturis,

300 3040 352 3082 vt
377 3039 603 3084 canonici
630 3040 960 3085 exterioribus
994 3039 1170 3086 officiis
1208 3040 1430 3099 deputati
1470 3043 1612 3098 septa
1648 3039 1928 3085 claustralia
1963 3040 2028 3086 ad
2064 3039 2228 3086 officia
2264 3054 2351 3085 sua

403 3150 415 3174 ¹
444 3152 480 3189 A
499 3151 572 3189 few
593 3151 721 3189 words
739 3151 955 3197 cancelled,
977 3164 1122 3200 among
1141 3152 1269 3190 which
1289 3152 1320 3190 is
1340 3154 1567 3189 necessaria.

402 3203 417 3225 2
446 3203 662 3240 Interlined
682 3203 807 3240 above
825 3204 978 3239 ordinis
996 3207 1118 3240 vestri
1128 3204 1328 3252 professis,
1348 3204 1525 3241 videlicet
1541 3203 1756 3240 cancelled.

403 3252 418 3276 3
444 3254 690 3303 Apparently
717 3254 924 3291 interlined
945 3255 1069 3292 above
1088 3267 1193 3303 aqua
1211 3255 1428 3292 cancelled.

402 3304 416 3327 4
444 3306 529 3342 The
551 3306 676 3343 whole
697 3318 859 3354 passage
878 3305 909 3342 is
928 3307 1062 3353 nearly
1081 3306 1326 3348 obliterated,
1346 3306 1424 3343 and
1445 3306 1510 3343 the
1530 3304 1658 3342 words
1676 3305 1716 3343 in
1735 3318 1874 3355 square
1893 3305 2073 3344 brackets
2091 3318 2155 3343 are
2170 3305 2350 3355 supplied

300 3362 340 3393 to
360 3355 415 3392 fill
434 3356 606 3394 hiatuses
625 3357 754 3394 where
773 3357 839 3394 the
858 3357 1023 3406 original
1043 3357 1074 3394 is
1093 3357 1200 3407 quite
1223 3357 1411 3406 illegible.

402 3405 416 3428 ⁵
445 3408 661 3445 Interlined
680 3409 804 3445 above
824 3409 1096 3445 subtilioribus
1113 3416 1148 3444 et
1166 3409 1371 3446 medicinis
1389 3407 1604 3446 cancelled.

403 3457 418 3480 ⁶
446 3459 661 3496 Interlined
679 3460 805 3497 above
823 3459 1012 3496 habeatur
1029 3472 1133 3497 vnus
1153 3487 1160 3496 .
1184 3487 1191 3497 .
1217 3487 1224 3496 .
1246 3461 1421 3497 seruiens
1439 3458 1626 3496 secularis
1643 3459 1861 3507 sumptibus
1877 3460 2090 3498 cancelled.

403 3507 418 3531 ⁷
446 3511 519 3558 qui
535 3511 749 3548 cancelled.

403 3557 418 3581 ⁸
444 3562 607 3599 Altered
627 3560 725 3598 from
745 3561 976 3598 senioribus.

403 3609 418 3632 ⁰
447 3612 663 3649 Interlined
681 3613 807 3650 above
824 3614 1021 3650 descrm'at
1037 3613 1250 3650 cancelled.

388 3658 418 3682 ¹⁰
446 3663 661 3701 Interlined
680 3665 806 3701 above
825 3676 944 3712 quam
963 3664 1179 3701 cancelled.

386 3708 417 3773 {ss
447 3714 662 3752 Interlined
681 3715 806 3752 above
825 3720 1072 3752 transeuntes
1090 3715 1304 3752 cancelled.

385 3798 416 3823 13
444 3765 662 3804 Interlined
680 3767 805 3803 above
825 3767 1079 3814 iniungimus
1098 3767 1313 3804 cancelled.

442 3816 486 3853 de
504 3817 717 3854 cancelled.
