2488 4296
323 400 436 456 203
776 379 1264 438 ALNWICK’S
1349 378 1911 438 v1s1TAT10Ns

322 541 622 598 irreparatos
645 541 695 584 et
718 539 857 599 quasi
880 538 945 583 ad
968 540 1151 583 terram
1188 538 1449 598 collapsos,
1474 538 1617 583 vobis
1653 537 1846 583 decano
1882 537 1974 582 sub
2010 538 2153 596 penis
2195 552 2362 597 supra-

323 602 470 648 dictis
487 601 692 647 firmiter
710 602 1010 661 iniungimus
1025 604 1075 647 et
1090 602 1382 648 mandamus
1397 603 1628 663 quatinus
1644 603 1880 646 statutum
1896 615 2044 659 super
2059 599 2157 646 hoc
2175 601 2364 647 editum

323 665 588 725 diligenter
611 668 661 710 et
683 664 898 710 fideliter
922 666 1250 726 exequamini‚
1277 680 1377 711 non
1396 664 1650 724 parcendo
1667 664 1751 709 vlli
1769 665 1888 724 quin
1906 664 1972 709 ad
1990 665 2363 723 reparacioriem

323 728 606 774 huiusmodi
630 743 916 774 mansorum
938 728 1074 774 iuxta
1096 727 1309 774 formam
1332 729 1501 774 statuti
1525 726 1887 774 coarceantur.1

451 792 578 838 Item
602 791 732 837 cum²
754 792 804 836 in
829 792 1024 837 statutis
1058 791 1298 851 predictis
1332 792 1645 837 contineatur*
1665 791 1802 852 quod
1836 791 2019 851 janitor
2054 791 2208 836 clausi
2243 791 2366 836 inter

322 855 427 901 alia
466 870 555 915 que
592 855 739 914 officio
777 870 860 900 suo
899 855 1197 901 incumbunt³
1236 858 1451 901 teneatur
1473 855 1639 900 albam
1678 855 1862 914 virgam
1904 869 2064 899 coram
2106 854 2285 900 decano
2324 857 2366 900 et

321 918 559 964 canonicis
600 921 803 978 tempore
842 918 1062 964 introitus
1095 919 1164 963 ad
1198 929 1426 979 magnam
1465 919 1654 963 missam
1692 921 1733 963 et
1768 918 1916 963 exitus
1949 933 2007 962 ac
2041 921 2132 964 toto
2166 920 2366 978 tempore

322 983 540 1039 eiusdem,
565 997 623 1027 ac
647 985 847 1041 tempore
871 983 1238 1037 matutinarum,
1264 985 1557 1042 vesperorum
1581 985 1622 1027 et
1657 981 1874 1027 aliarum
1899 979 2149 1027 horarum⁴
2171 981 2364 1027 eanoni-

323 1061 489 1091 carum
513 1049 554 1091 et
577 1046 691 1090 dum
717 1046 948 1090 incensent
971 1045 1157 1090 altaria
1181 1045 1436 1106 honorifice
1463 1049 1658 1105 portare
1679 1045 1708 1101 ;⁵
1736 1049 1786 1091 et
1807 1045 1991 1104 janitor
2013 1045 2097 1106 qui
2122 1060 2253 1090 nunc
2275 1047 2365 1100 est,

322 1109 417 1154 hiis
441 1109 691 1165 dimissiS‚⁰
713 1109 1039 1155 mercandisis
1061 1110 1277 1155 intendit
1297 1110 1326 1165 ;⁷
1360 1109 1502 1155 vobis
1536 1108 1730 1155 decano
1766 1109 1858 1154 sub
1892 1108 2035 1168 penis
2067 1108 2367 1168 supradictis

323 1172 528 1218 firmiter
573 1173 874 1231 iniungimus
920 1176 969 1218 et
1014 1172 1308 1218 mandamus
1362 1173 1593 1234 quatinus
1646 1173 1911 1233 janitorem
1955 1172 2021 1217 ad
2066 1171 2365 1231 explendum

323 1236 542 1282 officium
565 1250 708 1281 suum
731 1237 866 1282 iuxta
889 1234 1126 1282 effectum
1160 1237 1330 1282 statuti
1365 1251 1514 1296 super
1550 1236 1648 1282 hoc
1684 1236 1806 1281 editi
1842 1251 1931 1295 per
1967 1236 2367 1281 subtraccionem

323 1299 560 1360 stipendii
600 1300 674 1344 sui
709 1299 1023 1359 compellatis
1060 1300 1198 1361 quod
1237 1300 1334 1346 hac
1372 1301 1639 1346 occasione
1676 1300 1898 1345 amiserit
1935 1300 1985 1344 in
2025 1314 2141 1345 vsus
2179 1298 2368 1345 fabrice

322 1364 534 1410 ecclesie
557 1363 927 1422 applicandum.

452 1428 579 1473 Item
602 1442 715 1472 cum
739 1427 1014 1473 secundum
1033 1442 1201 1473 sacros
1220 1442 1418 1473 canones
1435 1427 1760 1488 prohibeatur
1778 1441 2013 1485 expresse
2031 1428 2369 1488 statutumque

323 1491 457 1537 dicte
492 1491 704 1537 ecclesie
740 1491 1011 1550 applaudat
1047 1491 1322 1536 canonibus
1356 1492 1490 1550 ipsis,
1517 1506 1579 1537 ne
1613 1491 1696 1553 qui
1730 1490 1917 1537 clerici⁸
1938 1490 2171 1536 tabernas
2193 1489 2364 1535 edendi

322 1555 393 1599 vel
409 1554 600 1599 bibendi
614 1555 777 1599 causa⁹
794 1555 1129 1614 ingrediantur
1147 1555 1239 1599 nisi
1255 1556 1306 1599 in
1321 1556 1487 1601 itinere
1501 1554 1737 1600 constituti
1749 1557 1791 1599 et
1809 1555 2072 1600 necessitate
2088 1551 2364 1614 compulsi‚¹⁰

320 1633 393 1675 ac,
419 1621 471 1663 vt
494 1618 639 1663 nobis
663 1618 916 1663 detectum
941 1622 1016 1664 est
1040 1621 1089 1664 et
1113 1618 1346 1671 delatum,
1373 1618 1595 1664 nonnulli
1620 1618 1846 1664 canonici
1883 1621 1933 1664 et
1955 1618 2125 1664 vicarii
2149 1632 2207 1663 ac
2241 1615 2362 1662 aliill

322 1681 456 1727 dicte
480 1682 691 1727 ecclesie
715 1681 963 1727 ministri¹²
985 1682 1217 1727 tabernas
1241 1682 1467 1741 publicas
1503 1685 1553 1729 et
1587 1697 1880 1728 communes
1903 1697 1961 1726 ac
1984 1680 2364 1741 congregaciones

315 1744 582 1805 prohibitas
619 1748 661 1790 et
698 1745 962 1805 spectacula
1001 1745 1172 1791 illicita
1201 1745 1265 1792 de
1305 1749 1453 1792 nocte
1492 1749 1542 1793 et
1581 1746 1645 1792 de
1684 1745 1767 1791 die
1802 1759 1957 1806 Vsque
1980 1745 2045 1791 ad
2069 1745 2363 1791 ebrietatem

320 1808 638 1870 frequentare
661 1823 762 1855 non
786 1812 1018 1855 verentur
1042 1812 1091 1855 et
1114 1824 1379 1855 excercere
1402 1814 1568 1869 preter
1591 1813 1641 1856 et
1663 1811 1839 1856 contra
1861 1809 2073 1855 formam
2110 1809 2278 1854 statuti
2311 1808 2361 1853 in

322 1872 419 1919 hoc
443 1887 560 1918 casu
583 1872 705 1918 editi
729 1875 778 1918 et
801 1888 1047 1919 canonum
1072 1873 1424 1932 predictorum,
1450 1874 1592 1919 vobis
1616 1873 1810 1919 decano
1832 1873 2062 1932 predicto
2095 1872 2188 1918 sub
2221 1873 2364 1931 penis

321 1936 621 1996 supradictis
643 1935 848 1982 firmiter
867 1938 1167 1995 iniungimus
1190 1940 1241 1983 et
1264 1937 1558 1983 mandamus
1576 1937 1807 1998 quatinus
1825 1939 2062 1982 statutum
2082 1935 2362 1995 predictum

323 2003 497 2046 contra
519 2001 569 2045 in
594 2000 690 2045 hiis
713 2000 1061 2062 delinquentes
1083 2002 1264 2046 acriter
1297 2002 1611 2062 exequamini
1637 2004 1686 2047 et
1709 2000 2062 2046 nichilominus
2084 2014 2172 2046 eos
2195 2002 2363 2044 nostra

320 2064 603 2110 auctoritate
641 2065 1083 2110 excommunicetis
1125 2064 1279 2110 debito
1330 2069 1517 2110 seruato
1557 2069 1785 2124 processu,
1819 2079 1989 2110 eorum
2025 2063 2361 2114 absolucione.

322 2131 640 2189 preterquam
676 2128 727 2172 in
764 2129 937 2173 mortis
971 2128 1194 2183 articulo,
1220 2129 1365 2174 nobis
1401 2131 1451 2174 et
1486 2128 1856 2174 successoribus
1892 2129 2087 2183 nostris,
2112 2127 2363 2186 episcopis

326 2191 771 2248 Lincolniensibus‚
797 2192 1078 2251 specialiter
1101 2194 1351 2238 reseruata
1367 2207 1380 2247 5
1410 2192 1646 2254 quodque
1670 2207 1763 2238 nec
1786 2192 2083 2251 permittatis
2105 2191 2363 2236 tabernam

323 2255 574 2314 publicam
609 2256 767 2301 teneri
801 2258 886 2301 aut
918 2257 1180 2301 ceruisiam
1215 2255 1294 2301 vel
1328 2257 1496 2301 vinum
1532 2259 1616 2301 aut
1650 2256 1746 2301 alia
1779 2255 2010 2301 victualia
2047 2254 2197 2300 vendi
2235 2253 2364 2300 infra

323 2320 471 2365 situm
494 2322 578 2364 aut
600 2322 771 2379 portas
794 2319 991 2378 collegii
1016 2319 1229 2379 predicti
1253 2319 1639 2380 quouismodo.¹³

453 2384 579 2428 Item
619 2398 732 2429 cum
773 2383 918 2428 nobis
957 2383 1211 2429 detectum
1251 2384 1429 2429 existat
1467 2383 1604 2444 quod
1647 2383 1851 2444 quidam
1895 2383 2190 2428 vicariorum
2230 2381 2365 2427 dicte

321 2446 532 2493 ecclesie
556 2446 685 2492 adeo
703 2447 1031 2492 mercandizis
1050 2446 1185 2492 suis¹⁴
1202 2446 1501 2492 intendant1⁵
1517 2447 1582 2492 ad
1601 2461 1773 2492 eorum
1791 2446 1980 2492 lucrum
1999 2444 2363 2500 detestandum,

322 2510 459 2572 quod
495 2514 762 2570 propterea
795 2510 934 2556 'horis
970 2511 1153 2556 debitis
1189 2510 1371 2556 diuinis
1402 2512 1457 2556 in
1492 2511 1648 2556 choro
1671 2525 1772 2556 non
1794 2511 2041 2564 insistunt,
2065 2509 2365 2568 iniungimus

319 2575 562 2620 vniuersis
585 2577 634 2620 et
658 2574 863 2633 singulis
887 2574 1021 2620 dicte
1046 2574 1256 2620 ecclesie
1281 2574 1476 2620 vicariis
1500 2570 1814 2634 presentibus
1839 2577 1888 2619 et
1910 2573 2100 2629 futuris,
2125 2572 2211 2618 sub
2239 2575 2363 2632 pena
2394 2583 2396 2586 ’

319 2638 822 2684 excommunicacionis
859 2638 1055 2683 maioris
1091 2653 1238 2698 quam
1269 2641 1355 2698 per
1390 2653 1467 2684 vos
1500 2642 1661 2684 nostra
1685 2638 1969 2683 auctoritate
1991 2637 2040 2682 in
2065 2636 2364 2682 contraueni-

318 2704 440 2747 entes
479 2701 567 2746 rite
591 2701 863 2760 fulminari
902 2702 1166 2757 volumus-‚¹⁶
1203 2704 1255 2747 vt
1295 2702 1511 2747 dimissis
1551 2702 1646 2747 hiis
1686 2701 1838 2747 seculi
1863 2702 1994 2747 curis
2033 2700 2128 2746 hiis
2167 2699 2365 2760 penitus

320 2765 582 2811 intendant
605 2765 670 2811 ad
694 2781 790 2827 que
813 2780 866 2810 se
891 2765 1255 2811 deuouerunt.¹⁷

449 2829 575 2874 Item
600 2844 712 2874 cum
737 2830 786 2874 in
811 2830 1008 2874 statutis
1032 2829 1165 2875 dicte
1190 2829 1401 2876 ecclesie
1432 2830 1743 2889 contineatur
1779 2843 1868 2889 per
1903 2843 2192 2887 expressum
2229 2828 2364 2889 quod

422 2939 433 2962 ¹
465 2941 542 2979 Sic.

419 2990 435 3013 ²
463 2993 569 3029 nobis
588 2992 802 3030 cancelled.

420 3041 435 3065 ³
463 3043 606 3081 Added
625 3043 664 3080 in
685 3044 851 3093 margin.
1501 3091 1504 3094 .

422 3094 436 3118 ⁴
465 3095 680 3132 Interlined
699 3097 823 3133 above
842 3097 954 3133 certis
973 3097 1206 3143 temporibus
1223 3103 1259 3133 et
1277 3097 1384 3134 horis
1403 3099 1583 3134 interesse
1600 3103 1780 3134 teneatur
1804 3098 1845 3133 in
1873 3098 2034 3143 ecclesia,
2068 3098 2221 3145 virgam
2252 3109 2363 3133 suam

312 3147 514 3194 precedens
533 3148 574 3183 in
594 3159 716 3183 manu
735 3160 810 3184 sua
834 3150 1022 3194 portando
1041 3148 1253 3186 cancelled.
1307 3148 1393 3186 The
1414 3157 1490 3186 rest
1508 3149 1637 3186 added
1656 3149 1696 3185 in
1715 3148 1879 3198 margin.

422 3196 437 3220 ⁵
463 3198 549 3235 The
567 3198 794 3236 alterations
813 3199 927 3236 made
946 3199 985 3236 in
1006 3200 1082 3238 this
1101 3212 1262 3249 passage
1281 3213 1382 3238 were
1401 3200 1549 3238 carried
1568 3206 1636 3237 out
1662 3199 1759 3238 after
1789 3199 1984 3238 reference
2015 3205 2055 3237 to
2087 3201 2152 3237 the
2185 3205 2363 3237 statutes.

323 3250 488 3288 Written
508 3249 548 3286 in
568 3248 634 3287 the
653 3249 802 3298 margin
821 3251 1001 3299 opposite
1031 3251 1096 3289 the
1126 3264 1287 3300 passage
1317 3251 1395 3288 and
1424 3251 1653 3290 afterwards
1680 3252 1880 3290 cancelled
1909 3251 1942 3289 is
1971 3251 2037 3288 the
2067 3251 2364 3289 memorandum

331 3302 550 3339 Vz'deantur
566 3301 680 3338 verba
697 3303 837 3338 statuti
854 3308 899 3339 ut
912 3304 1060 3339 sciatur
1077 3304 1175 3352 quid
1195 3304 1300 3340 debet
1321 3305 1525 3352 precedere.

422 3351 438 3375 ὅ
464 3353 575 3389 merd
597 3353 814 3390 cancelled.

421 3403 436 3427 ⁷
464 3404 640 3440 intendat
658 3416 737 3440 was
756 3404 910 3442 written
926 3417 935 3440 z
966 3405 1030 3442 the
1050 3419 1074 3442 a
1093 3418 1172 3443 was
1190 3405 1398 3455 expunged
1417 3406 1495 3443 and
1518 3405 1533 3442 i
1552 3405 1772 3443 interlined.

421 3453 438 3476 8
463 3457 540 3491 nisi
556 3457 597 3492 in
618 3458 757 3492 itinere
775 3458 978 3493 constituti
994 3457 1207 3495 cancelled.

422 3505 438 3527 ⁹
465 3507 528 3543 An
549 3519 715 3544 erasure.

409 3556 438 3579 ¹⁰
468 3558 607 3595 Added
626 3559 665 3595 in
686 3558 861 3606 margin:
886 3558 1061 3605 publicas
1076 3560 1235 3597 debeant
1260 3560 1337 3597 and
1364 3561 1615 3609 frequentare
1644 3560 1871 3598 cancelled:
1894 3565 2129 3608 presumant
2158 3559 2366 3597 interlined

320 3609 417 3646 aster
431 3609 689 3658 frequentare
706 3610 784 3646 and
803 3610 1015 3647 cancelled.

404 3658 432 3682 ¹¹
462 3662 646 3697 ministri
662 3661 877 3699 cancelled.

403 3709 434 3732 ¹2
461 3712 505 3748 in
525 3713 734 3749 sacerdocio
753 3714 956 3749 constituti
973 3712 1188 3750 cancelled.

404 3760 435 3784 ¹³
458 3764 699 3810 permittatis
718 3764 788 3800 sub
799 3770 904 3812 pena
921 3765 1335 3802 excommunicacionis
1354 3765 1542 3803 antedicto
1560 3765 1772 3803 cancelled.

406 3811 437 3835 ¹¹²
462 3815 552 3852 adeo
570 3815 786 3853 cancelled.
