2488 4296
281 396 319 451 6
311 410 354 466 3
742 386 1227 448 ALNWICK’S
1309 382 1874 443 VISITATIONS

409 547 618 611 (Contra
653 544 908 608 priorem.)
977 545 1104 591 Item
1139 542 1363 589 Thomas
1400 540 1573 602 Bayly²
1609 539 1674 586 de
1713 539 1982 598 Dauentre,
2014 556 2173 614 nuper
2206 542 2319 590 sub-

282 612 522 661 collector
558 611 753 658 decime
789 609 1058 668 deputatus
1080 621 1171 667 per
1194 606 1412 666 priorem
1437 603 1773 660 collectorem,
1800 603 1993 651 detinet
2014 619 2066 651 in
2090 606 2320 654 manibus

279 677 380 723 suis
404 676 468 722 de
492 676 599 735 ipsa
625 674 822 720 decima
843 673 924 732 xvj
950 671 1014 725 li..
1039 684 1132 729 pro
1156 683 1366 731 quarum
1390 667 1662 714 exaccione
1699 667 1837 726 prior
1859 681 1961 714 non
1985 670 2315 731 prosequitur,

279 740 395 787 licet
419 738 683 800 requisitus
707 737 769 781 sit
791 750 881 795 per
904 736 1207 781 conuentum
1232 749 1242 789 ;
1277 745 1370 791 pro
1393 744 1492 791 quo
1515 743 1668 776 onere
1693 729 1857 776 dictus
1886 730 2109 778 Thomas
2143 731 2318 780 habuit

279 817 310 849 v
333 816 540 849 marcas.
611 800 750 846 Prior
774 798 957 844 fatetur
980 798 1061 857 xvj
1087 796 1133 842 li.
1161 809 1419 842 remanere
1442 795 1493 839 in
1517 793 1747 839 manibus
1771 793 1893 840 dicti
1916 793 2127 842 Thome.

406 864 614 926 (Contra
636 860 891 923 priorem.)
961 861 1087 906 Item
1125 859 1248 906 dicit
1283 857 1420 920 quod
1456 857 1593 917 prior
1629 858 1878 903 concessit
1901 858 1994 903 sub
2017 858 2198 918 sigillo²
2229 874 2320 908 suo

280 928 479 976 cuidam
503 927 715 989 Johanni
746 925 884 971 West⁸
907 924 970 971 de
1010 924 1264 970 Dauentre
1287 935 1439 967 vnum
1463 934 1669 967 censum
1693 935 1911 967 annuum
1935 936 2002 967 xx
2027 936 2062 968 s.
2089 925 2139 969 et
2171 937 2321 971 vnam

276 995 445 1051 togam
470 991 533 1036 de
568 990 778 1035 liberata
813 988 993 1034 domus
1015 987 1203 1047 absque
1235 999 1483 1032 consensu
1506 986 1798 1041 conuentu3‚
1823 998 1937 1030 cum
1962 985 2013 1031 in
2037 986 2174 1033 nullo
2197 987 2322 1034 sciat

277 1058 361 1102 aut
384 1054 540 1114 possit
563 1052 804 1112 prodesse
828 1051 1080 1111 prioratui.
1151 1050 1315 1108 Negat
1339 1048 1731 1094 concessionem.

407 1117 613 1175 (Contra
635 1113 891 1176 priorem.)
961 1114 1086 1160 Item
1111 1114 1247 1173 prior
1270 1111 1519 1158 concessit
1541 1110 1755 1172 Johanni
1784 1110 1959 1158 Horne
1984 1111 2048 1159 de
2069 1112 2323 1162 Dauentre

276 1194 427 1227 vnum
450 1194 666 1226 annuum
691 1193 894 1225 censum
917 1192 948 1223 v
971 1190 1250 1223 marcarum
1272 1178 1324 1221 vt
1348 1177 1502 1221 staret
1524 1188 1618 1234 pro
1637 1175 1941 1221 monasterio
1965 1176 2016 1222 in
2038 1176 2253 1236 agendO,
2273 1180 2324 1225 et

275 1247 443 1290 tamen
468 1244 642 1303 pocius
666 1244 841 1288 contra
863 1241 1138 1301 prioratum
1161 1253 1311 1301 quam
1337 1252 1449 1284 cum
1474 1237 1640 1285 domo.
1726 1237 1932 1285 Fatetur
1968 1243 2172 1300 pactum
2208 1255 2322 1288 cum

275 1306 456 1354 eodem
479 1305 704 1367 Johanne
730 1322 740 1352 :
774 1307 942 1351 tamen
967 1318 1068 1349 non
1092 1305 1167 1349 est
1191 1302 1285 1348 sibi
1309 1301 1540 1348 solutum.

401 1368 610 1430 (Contra
654 1368 907 1428 priorem.)
977 1366 1104 1413 Item
1143 1366 1293 1427 prior,
1336 1367 1603 1427 postquam
1644 1364 1820 1411 habuit
1860 1363 2109 1413 decimam
2147 1367 2322 1415 vltimo

276 1447 390 1480 cum
412 1432 506 1478 fuit
529 1430 651 1479 eius⁴
673 1431 927 1487 collector,
948 1445 1037 1490 per
1057 1430 1219 1476 minus
1243 1429 1512 1475 discretam
1537 1428 1818 1476 custodiam
1841 1429 2007 1475 amisit
2028 1444 2096 1476 xx
2113 1445 2320 1489 marcas,

277 1496 340 1543 de
380 1496 559 1558 quibus
599 1495 778 1542 domus
817 1494 1071 1561 satisfecit.
1162 1493 1328 1552 Negat
1368 1492 1677 1539 solucionem
1715 1506 1807 1552 per
1851 1491 2071 1551 domum,
2119 1494 2210 1542 sed
2257 1494 2322 1543 de

277 1559 474 1621 peculio
509 1573 611 1605 suo.

402 1623 610 1684 (Contra
633 1621 888 1683 priorem.)
957 1621 1084 1667 Item
1120 1620 1332 1667 vicarius
1371 1618 1436 1666 de
1474 1619 1729 1665 Dauentre
1765 1618 1919 1666 habet
1953 1634 2104 1666 vnum
2138 1635 2322 1684 equum

277 1689 490 1733 stantem
529 1686 594 1732 ad
630 1688 855 1745 sumptus
891 1686 941 1731 in
982 1684 1135 1730 domo
1173 1684 1239 1730 ad
1278 1684 1384 1730 eius
1423 1682 1683 1742 sumptu8‚⁶
1721 1684 1771 1728 et
1807 1682 2103 1731 domicellus
2141 1686 2322 1746 prioris

281 1750 434 1796 habet
468 1749 617 1795 aliurn
655 1752 705 1795 et
740 1750 877 1809 prior
907 1748 1064 1802 duos;
1101 1750 1151 1794 et
1186 1762 1300 1794 cum
1335 1746 1514 1809 aliquis
1550 1745 1735 1792 habeat
1770 1760 1977 1794 necesse
2014 1748 2238 1810 equitare
2270 1750 2322 1798 in

278 1814 501 1874 negociis
525 1813 716 1870 domm,
737 1827 837 1859 non
856 1814 1021 1872 potest
1040 1811 1226 1858 habere
1245 1826 1426 1873 equum
1446 1810 1540 1856 nisi
1559 1823 1622 1857 ex
1639 1808 1906 1856 conductu.
1946 1810 2086 1858 Prior
2104 1813 2323 1861 monitus

279 1880 354 1923 est
377 1876 514 1938 quod
539 1891 694 1938 equus
717 1876 887 1922 vicarii
910 1877 1200 1922 amoueatur
1235 1874 1455 1921 totaliter
1478 1889 1507 1920 a
1531 1873 1684 1920 domo
1708 1876 1758 1919 et
1781 1874 1845 1919 ab
1869 1875 2103 1934 expensis
2127 1875 2320 1925 domus.

408 1940 543 2001 (Non
568 1939 814 1986 habentur
837 1939 1040 1998 clerici.)
1111 1939 1283 1985 Frater
1321 1937 1571 1984 Henricus
1608 1936 1996 1998 Irtlyngburghe
2029 1938 2152 1986 dicit
2185 1940 2323 2003 quod

278 2017 379 2051 non
403 2003 591 2050 habent
615 2003 823 2050 clericos
846 2003 896 2048 in
929 2003 1140 2049 ecelesia
1174 2003 1258 2064 qui
1292 2001 1587 2048 adiuuarent
1620 2000 1897 2047 monachos
1930 2001 1981 2048 in
2015 2002 2322 2052 celebrando

279 2067 466 2122 missas,
493 2067 585 2112 nisi
608 2081 759 2112 vnum
783 2066 942 2112 solum
965 2067 1049 2127 qui
1073 2065 1202 2112 adeo
1226 2068 1500 2125 occupatur
1523 2066 1573 2111 in
1598 2064 1747 2112 scolis
1769 2064 1907 2127 quod
1930 2079 2032 2113 non
2054 2068 2222 2127 potest
2255 2066 2322 2115 ad

281 2130 376 2177 hec
398 2129 659 2176 intendere
684 2147 693 2186 3
730 2132 779 2176 et
803 2130 925 2176 dicit
949 2129 1013 2175 de
1037 2144 1166 2191 equo
1189 2130 1359 2189 vicarij
1384 2131 1437 2175 vt
1460 2143 1623 2189 supra.

409 2193 582 2240 Frater
603 2193 826 2239 Thomas
852 2193 1053 2252 Burghe
1078 2193 1200 2239 dicit
1223 2193 1391 2239 omnia
1414 2192 1558 2239 bene.

408 2257 613 2316 (Contra
635 2255 890 2318 priorem.)
959 2256 1132 2303 Frater
1154 2256 1437 2302 Willelmus
1461 2256 1670 2302 Suttone
1694 2255 1817 2302 dicit
1839 2254 1977 2319 quod
2010 2260 2224 2307 rectoria
2257 2259 2322 2309 de

283 2321 538 2381 Draytone
556 2323 632 2366 est
655 2320 863 2366 multum
886 2322 1099 2377 ruinosa,
1120 2320 1291 2382 sicque
1315 2323 1427 2366 sunt
1450 2320 1593 2380 plura
1611 2317 1810 2367 edificia
1832 2320 2143 2380 pertinencia
2165 2324 2321 2385 prior-

278 2384 379 2430 atui
403 2386 452 2430 et
475 2383 615 2446 quasi
639 2383 704 2429 ad
726 2387 910 2430 terram
933 2383 1168 2443 collapsa.

406 2447 579 2493 Frater
605 2446 846 2493 Ricardus
872 2448 1126 2494 Dauentre
1150 2446 1272 2493 dicit
1294 2447 1463 2494 omnia
1485 2447 1628 2495 bene.

406 2511 578 2557 Frater
603 2510 884 2557 Willelmus
909 2511 1111 2570 Burghe
1135 2511 1258 2557 dicit
1280 2510 1418 2573 quod
1441 2512 1609 2558 omnia
1632 2511 1775 2559 bene.

405 2573 640 2620 Mulieres
664 2574 852 2620 habent
875 2588 1191 2621 communem
1223 2589 1480 2621 accessum
1510 2574 1576 2621 ad
1607 2577 1874 2638 coquinam
1898 2580 1948 2625 et
1981 2578 2047 2625 ad
2079 2578 2322 2627 lauatoria

278 2638 328 2684 in
352 2637 579 2692 claustro,
604 2638 687 2683 vbi
711 2638 989 2684 ascendunt
1012 2639 1287 2698 merginem
1310 2641 1362 2684 vt
1395 2638 1637 2698 impleant
1669 2639 1794 2686 ollas
1816 2655 1930 2688 suas
1952 2643 2003 2688 in
2026 2642 2280 2691 lauatoriis
2310 2660 2320 2702 ;

278 2702 447 2763 sicque
471 2700 684 2761 pedibus
707 2702 867 2761 ipsam
891 2702 1167 2761 merginem
1191 2702 1529 2764 coinquinant.
2242 2734 2253 2743 .

408 2763 605 2810 Deinde
629 2765 845 2810 monitus
868 2767 944 2811 est
976 2765 1113 2825 prior
1136 2765 1273 2827 quod
1296 2766 1618 2812 obstruantur
1641 2780 1816 2814 omnes
1837 2768 2003 2815 aditus
2025 2769 2322 2817 secularium

380 2858 393 2883 ¹
420 2859 527 2896 habet
544 2861 584 2896 in
604 2860 821 2898 cancelled.

379 2910 395 2934 ²
420 2911 607 2948 communi
630 2911 844 2950 cancelled.

379 2959 395 2984 ³
423 2961 638 3000 Interlined
655 2964 780 3002 above
811 2961 965 3012 Wryght
981 2962 1196 3002 cancelled.

381 3012 396 3036 ⁴
420 3013 458 3050 cl
479 3014 693 3053 cancelled.

382 3063 398 3086 ⁶
424 3064 504 3102 Sic.

383 3133 396 3158 ²
424 3135 488 3172 An
517 3134 747 3185 interesting
774 3137 955 3186 example
984 3136 1031 3175 of
1051 3137 1203 3175 clothes
1231 3137 1396 3187 granted
1425 3138 1478 3188 by
1506 3151 1592 3188 way
1611 3139 1656 3177 of
1676 3139 1800 3190 livery
1817 3153 1955 3180 occurs
1973 3143 2014 3181 in
2033 3142 2100 3182 the
2118 3142 2324 3194 imperfect

281 3186 359 3224 will
378 3185 423 3223 of
445 3192 586 3224 master
617 3186 789 3224 William
819 3189 976 3234 Doune,
996 3189 1240 3227 archdeacon
1261 3189 1306 3227 of
1331 3189 1541 3236 Leiccster,
1565 3191 1656 3229 who
1684 3191 1774 3230 died
1803 3204 1838 3230 c.
1864 3194 1974 3242 1360,
1998 3194 2205 3243 preserved
2232 3195 2273 3234 in
2299 3208 2323 3234 a

279 3237 575 3275 miscellaneous
602 3238 706 3275 book
726 3238 770 3275 of
793 3240 1022 3288 precedents
1050 3252 1138 3278 now
1159 3240 1198 3278 in
1227 3240 1293 3279 the
1320 3241 1504 3279 diocesan
1532 3242 1696 3293 registry
1714 3244 1760 3281 os
1783 3244 2090 3295 Peterborough.
2163 3247 2325 3297 Among

283 3289 343 3326 his
361 3300 569 3326 numerous
588 3289 750 3333 clothes,
770 3289 820 3327 he
840 3290 907 3328 left
928 3304 950 3328 a
971 3291 1057 3327 roba
1076 3304 1120 3329 or
1138 3292 1214 3330 suit
1233 3292 1277 3330 of
1300 3292 1366 3331 the
1386 3292 1509 3341 livery
1527 3294 1571 3331 of
1594 3294 1655 3332 his
1673 3294 1799 3333 friend
1823 3297 2005 3345 Rcynold
2028 3298 2160 3342 Briau.
2182 3298 2327 3349 bishop

283 3340 327 3377 of
351 3340 569 3377 Worcester
593 3340 768 3388 1352-61·.
788 3340 919 3379 whose
938 3341 1078 3380 official
1098 3343 1148 3380 he
1167 3343 1245 3381 had
1266 3343 1380 3390 been,
1400 3345 1479 3382 and
1499 3345 1629 3395 pieces
1647 3346 1692 3383 of
1713 3352 1833 3385 uncut
1859 3347 1967 3386 eloth
1986 3348 2045 3387 for
2063 3349 2211 3388 similar
2228 3350 2325 3388 suits

282 3390 325 3428 of
348 3391 414 3427 the
440 3390 561 3439 livery
588 3391 628 3427 ot
656 3392 721 3428 the
747 3391 888 3430 abbots
914 3393 958 3430 of
990 3394 1146 3444 Oseney
1171 3395 1250 3432 and
1286 3396 1423 3441 Torre,
1453 3403 1532 3434 two
1559 3397 1604 3434 of
1635 3397 1701 3436 the
1728 3399 1984 3439 monasteries
2012 3400 2140 3440 which
2166 3401 2217 3440 he
2244 3401 2323 3440 had

282 3441 482 3488 evidently
500 3441 643 3490 helped
665 3442 754 3479 with
777 3443 837 3480 his
856 3444 1125 3483 considerable
1145 3446 1245 3495 legal
1265 3445 1512 3497 knowledge.

383 3490 401 3514 ²
427 3492 512 3529 The
531 3504 641 3530 sense
663 3505 788 3530 seems
808 3502 848 3531 to
866 3494 914 3532 be
934 3496 1018 3533 that
1039 3497 1177 3535 Home
1197 3497 1274 3535 had
1293 3497 1408 3536 aided
1429 3500 1495 3537 the
1514 3500 1619 3548 prior
1637 3500 1791 3550 against
1811 3501 1877 3540 the
1897 3507 1974 3540 rest
1992 3502 2037 3540 of
2051 3503 2116 3541 the
2135 3508 2319 3542 convent.

384 3542 400 3566 ⁸
431 3545 567 3592 Henry
590 3545 746 3592 llervey
766 3557 844 3582 was
871 3546 958 3584 inst.
978 3547 1083 3584 vicar
1108 3549 1151 3585 os
1177 3549 1392 3598 Daventry‚
1417 3559 1466 3597 30
1496 3551 1604 3600 May,
1631 3561 1726 3600 1435
1746 3552 1940 3602 (Bridges,
1967 3553 2320 3601 Hist.N0rtl1ants,

284 3603 312 3638 1,
332 3594 411 3640 48).
468 3595 504 3632 It
523 3594 617 3631 does
637 3602 703 3632 not
723 3608 868 3645 appear
887 3598 999 3634 when
1020 3598 1068 3635 he
1086 3599 1239 3649 quitted
1259 3600 1325 3638 the
1344 3601 1530 3639 benefice.
1590 3604 1626 3639 A
1645 3615 1732 3641 new
1752 3603 1974 3643 ordination
1992 3605 2038 3643 of
2061 3605 2127 3643 the
2144 3605 2324 3656 vicarage

281 3645 325 3682 os
341 3646 543 3694 Daventry
561 3657 639 3683 was
659 3647 772 3683 made
793 3648 842 3695 by
861 3647 1002 3698 bishop
1021 3650 1126 3698 Gray
1144 3663 1196 3688 on
1217 3661 1266 3688 20
1281 3652 1389 3700 Jan„
1415 3662 1554 3701 1432-3
1575 3653 1690 3703 (Reg.
1715 3663 1826 3699 xv11,
1849 3655 1899 3694 fo.
1928 3666 2000 3695 110
2017 3657 2095 3695 and
2116 3655 2190 3707 d.).
2236 3657 2323 3696 The

279 3697 345 3733 old
366 3696 588 3734 ordination
608 3709 745 3735 occurs
764 3697 801 3735 in
824 3699 958 3736 Rotuli
976 3699 1083 3747 Hug.
1113 3700 1248 3739 Welles
1268 3701 1400 3749 (Cant.
1420 3704 1453 3742 δι
1475 3704 1583 3742 vork
1604 3705 1711 3751 Soc.)
1734 3715 1764 3752 1,
1785 3716 1872 3753 204.

379 3746 395 3769 ‘²
422 3747 508 3786 The
527 3748 634 3785 word
653 3747 867 3785 domicellus
885 3750 925 3787 in
953 3750 1031 3788 this
1057 3758 1214 3790 context
1243 3765 1333 3801 may
1352 3754 1400 3791 be
1428 3755 1584 3793 defined
1611 3769 1654 3794 as
1681 3769 1705 3794 a
1731 3758 1958 3806 gentleman
1986 3758 2163 3797 member
2189 3758 2235 3797 of
2256 3759 2323 3798 the

282 3797 419 3846 prior‘s
446 3798 676 3839 household.
748 3799 858 3837 Thus
885 3801 950 3838 the
977 3807 1056 3840 two
1083 3804 1223 3851 youths
1249 3810 1289 3842 at
1318 3805 1500 3855 Bardney
1522 3809 1576 3855 (p.
1599 3816 1643 3843 22
1666 3807 1807 3851 above)
1827 3821 1929 3848 were
1955 3808 2150 3848 domicelli
2162 3809 2320 3857 abbatis,

281 3848 448 3900 brought
478 3861 530 3901 up
549 3849 588 3887 in
617 3850 684 3888 the
702 3849 855 3891 abbot's
880 3851 1096 3891 household
1123 3854 1202 3893 and
1228 3854 1417 3896 educated
1444 3863 1485 3895 at
1514 3857 1574 3896 his
1600 3858 1721 3899 table.
1788 3859 1964 3900 William
1993 3862 2136 3901 Doune
2164 3865 2269 3909 (note
2302 3870 2318 3899 1
