2476 4412
803 481 1482 541 INTRODUCTION
2059 484 2162 541 lxv

263 646 483 698 aliorum,
510 646 550 690 si
573 647 813 703 oporteat,
839 644 1159 705 sequencium
1182 645 1300 688 tunc
1324 642 1515 687 dierum
1538 641 1918 702 inquisicionem
1940 645 2159 687 nostram

263 708 546 753 huiusmodi
600 708 806 752 subituri
872 722 931 752 ac
994 707 1253 752 veritatem
1320 719 1469 765 quam
1534 704 1770 749 noueritis
1827 706 1876 749 et
1930 706 2163 750 nouerint

262 771 535 816 secundum
557 771 936 828 interrogatoria
960 772 1128 815 nostra
1150 769 1292 813 vobis
1315 770 1364 813 et
1387 768 1458 813 eis
1481 770 1599 813 tunc
1630 766 1956 812 ministranda
1979 766 2159 812 dicturi

262 837 312 879 et
367 834 654 892 deposituri,
710 832 988 893 facturique
1042 831 1243 877 vlterius
1287 833 1336 876 et
1385 830 1632 888 recepturi
1687 829 1820 888 quod
1875 829 2159 875 huiusmodi

260 897 601 957 inquisicionis
624 898 791 941 nostre
816 897 1078 954 negocium
1112 908 1224 939 cum
1258 894 1358 938 suis
1392 893 1773 951 emergentibus,
1809 892 2158 947 incidentibus,

251 958 662 1018 ‘dependentibus
685 962 734 1004 et
757 959 994 1004 connexis
1018 958 1170 1016 exigit
1194 959 1242 1002 et
1266 956 1483 1016 requirit,
1509 955 1830 1014 providentes
1853 955 1990 1015 quod
2014 955 2165 1001 dictis

262 1022 344 1067 die
368 1025 416 1067 et
439 1022 551 1067 loco
574 1022 775 1080 plenum
799 1024 848 1066 et
881 1021 1156 1080 plenarium
1190 1021 1370 1064 statum
1404 1033 1503 1079 quo
1538 1020 1699 1077 ipsum
1732 1019 2086 1064 monasterium
2108 1019 2158 1063 in

260 1086 410 1130 inicio
433 1085 681 1143 ingressus
704 1084 852 1129 vestri
876 1084 940 1129 ad
963 1084 1157 1142 apicem
1189 1082 1444 1141 dignitatis
1476 1081 1746 1127 abbacialis
1779 1081 2087 1140 repperiistis
2110 1083 2163 1126 et.

260 1149 358 1193 iam
406 1148 572 1193 existit
621 1161 680 1192 ac
733 1147 1071 1193 iniuncciones
1123 1148 1328 1199 nostraS,
1384 1145 1448 1190 de
1502 1145 1681 1205 quibus
1730 1158 1879 1202 supra
1926 1145 2157 1202 tangitur,

261 1211 406 1256 nobis
428 1210 690 1256 oculariter
712 1210 1002 1255 exhibeatis.
1068 1209 1224 1254 Vobis
1247 1209 1448 1267 insuper
1476 1207 1757 1253 districcius
1791 1206 2074 1252 inhibemus
2098 1221 2163 1252 ne

260 1273 535 1326 tractando,
582 1273 1010 1327 communicando,
1055 1273 1330 1317 iuramenta
1374 1271 1477 1316 siue
1533 1271 1886 1329 promissiones
1940 1270 2004 1315 de
2060 1284 2160 1315 non

261 1336 544 1395 detegendo
567 1336 631 1381 ab
663 1336 909 1397 aliquibus
943 1335 1190 1393 exigendo
1224 1334 1302 1380 vel
1334 1334 1468 1379 aliud
1502 1333 1623 1394 quid
1652 1332 1793 1393 [per]
1821 1333 1957 1394 quod
1979 1333 2165 1378 veritas

260 1400 534 1445 occultetur
557 1399 896 1457 promittendo
919 1399 997 1444 vel
1020 1397 1372 1444 comminando
1395 1397 1445 1442 in
1473 1397 1802 1456 preiudicium
1825 1396 1968 1441 huius
1991 1399 2163 1442 nostre

260 1463 598 1521 inquisicionis
621 1461 783 1507 future
806 1477 835 1506 a
858 1462 939 1507 die
974 1461 1282 1519 recepcionis
1314 1460 1628 1519 presencium
1660 1460 1924 1520 quicquam
1958 1459 2157 1520 quouis-

261 1525 414 1570 modo
469 1526 773 1582 attemptetis
827 1539 914 1569 seu
968 1524 1161 1569 faciatis
1215 1523 1343 1569 clam
1407 1523 1485 1568 vel
1550 1522 1713 1581 palam
1779 1522 2161 1583 quomodolibet

261 1588 579 1645 attemptari;
627 1587 770 1632 latori
806 1588 991 1632 etenim
1026 1587 1338 1646 presencium
1374 1586 1557 1631 nuncio
1594 1589 1764 1631 nostro
1799 1586 1850 1630 in
1886 1585 1982 1630 hac
2017 1589 2159 1644 parte

262 1651 420 1695 iurato
457 1664 603 1707 super
637 1649 912 1695 tradicione
948 1649 1216 1695 earundem
1252 1649 1394 1694 vobis
1435 1647 1674 1708 [fideliter
1708 1646 1964 1708 facienda]
2006 1647 2159 1693 fidem

262 1727 410 1772 quam
470 1712 709 1758 debemus
762 1713 985 1758 volumus
1038 1711 1292 1757 adhibere.
1395 1712 1471 1756 De
1536 1711 1618 1756 die
1673 1724 1793 1756 uero
1847 1711 2156 1769 recepcionis

262 1778 424 1820 vestre
447 1776 757 1834 presencium
780 1778 829 1821 et
851 1775 971 1836 quid
994 1774 1211 1820 feceritis
1233 1774 1283 1818 in
1306 1774 1560 1832 premissis
1583 1787 1674 1819 nos
1691 1776 1774 1818 aut
1792 1774 2160 1819 commissarios

264 1840 460 1882 nostros
492 1841 575 1883 aut
596 1852 746 1882 vnum
779 1837 926 1883 dictis
962 1837 1049 1882 die.
1079 1839 1129 1882 et
1163 1837 1276 1882 loco
1312 1836 1547 1882 distincte
1583 1839 1632 1882 et
1667 1839 1838 1895 aperte
1874 1835 2159 1882 certificetis

262 1900 437 1945 litteris
480 1901 654 1946 vestris
696 1901 979 1958 patentibus
1015 1898 1187 1944 harum
1222 1900 1400 1944 seriem
1437 1914 1495 1944 ac
1534 1900 1735 1944 nomina
1769 1902 1819 1945 et
1857 1900 2157 1958 cognomina

262 1963 480 2008 omnium
535 1965 584 2007 et
628 1962 931 2020 singulorum
975 1962 1096 2008 dicti
1139 1963 1426 2007 monasterii
1469 1963 1620 2007 vestri
1665 1963 2154 2017 commonachorum,

261 2023 562 2069 confratrum
586 2027 635 2070 et
657 2038 1009 2070 conuersorum
1032 2025 1083 2070 in
1105 2024 1320 2086 quadam
1343 2025 1546 2070 scedula
1568 2026 1744 2071 vestris
1777 2025 1953 2071 litteris
1974 2040 2154 2071 annec-

257 2086 408 2131 tenda
442 2087 633 2145 plenius
669 2088 1039 2133 continentibus
1076 2090 1243 2133 uestro
1282 2088 1444 2146 sigillo
1489 2089 1804 2146 consignatis.
1895 2089 2023 2134 Data
2061 2089 2156 2134 sub

256 2148 415 2207 sigillo
438 2152 608 2194 nostro
630 2149 695 2194 ad
719 2164 891 2196 causas
914 2151 963 2196 in
988 2151 1209 2196 manerio
1244 2155 1414 2196 nostro
1451 2151 1515 2197 de
1556 2151 1872 2211 Lidyngtone
1906 2155 2046 2197 sexto
2070 2151 2155 2197 die

255 2211 474 2270 Augusti,
519 2226 650 2258 anno
696 2213 898 2259 Domini
943 2213 1204 2259 millesimo
1244 2214 1734 2274 quadringentesimo
1773 2215 2156 2274 quadragesimo

254 2278 395 2319 sexto
431 2278 806 2337 nostrarumque
842 2277 1240 2323 consecracionis
1283 2292 1414 2323 anno
1450 2278 1687 2323 vicesimo
1723 2281 1773 2323 et
1808 2278 2156 2323 translacionis

254 2336 462 2383 decimo.

253 2399 329 2445 To
364 2399 463 2445 this
499 2401 716 2457 citation,
757 2402 878 2447 with
916 2403 978 2448 its
1017 2402 1314 2448 formidable
1350 2404 1686 2462 arraignment
1737 2403 1790 2449 of
1835 2403 1920 2449 the
1955 2403 2153 2462 alleged

127 2461 378 2508 misdeeds
422 2463 475 2508 of
506 2463 593 2510 the
638 2468 865 2520 convent,
912 2465 998 2511 the
1042 2466 1198 2511 abbot
1242 2467 1491 2520 returned,
1536 2482 1590 2512 as
1634 2467 1676 2511 is
1719 2467 1837 2527 duly
1893 2467 2046 2512 noted
2101 2468 2151 2511 in

125 2524 212 2571 the
233 2526 482 2572 visitation
507 2527 732 2581 minutes,
757 2527 843 2573 the
867 2528 1124 2587 following
1146 2528 1415 2575 certificate
1438 2543 1504 2575 on
1527 2530 1613 2575 the
1637 2530 1734 2590 day
1751 2530 1804 2575 of
1836 2530 2119 2576 visitation¹.

379 2589 674 2636 Reuerendo
698 2592 747 2635 in
772 2591 971 2637 Christo
995 2593 1123 2650 patri
1156 2607 1215 2637 ac
1250 2592 1467 2647 domino,
1511 2593 1716 2638 domino
1756 2593 2025 2647 Willelmo,
2054 2593 2148 2639 Dei

250 2653 416 2708 gracia
442 2653 775 2699 Lincolniensi
800 2655 1051 2714 episcopo,
1072 2670 1186 2700 suus
1210 2655 1408 2701 humilis
1432 2651 1492 2701 et'
1505 2655 1715 2701 deuotus
1738 2655 1866 2701 filius
1892 2656 2150 2711 Ricardus,

252 2714 346 2759 Dei
364 2716 619 2773 paciencia
641 2717 796 2762 abbas
819 2719 1104 2763 monasterii
1123 2718 1187 2763 de
1208 2718 1374 2777 Burgo
1392 2719 1549 2764 sancti
1570 2719 1715 2775 Petri,
1735 2722 1897 2764 vestre
1921 2718 2150 2774 diocesiS,

249 2777 437 2823 ordinis
484 2780 640 2824 sancti
696 2780 969 2834 Benedicti,
1023 2781 1382 2835 obedienciam,
1429 2783 1766 2828 reuerenciam
1813 2786 1862 2828 et
1906 2782 2148 2828 honorem

250 2839 487 2885 debitam²
508 2845 646 2887 tanto
671 2844 810 2900 patri.
883 2844 1095 2889 Litteras
1129 2847 1316 2890 vestras
1349 2845 1658 2891 venerabiles
1693 2849 1834 2891 sexto
1858 2845 1940 2891 die
1964 2846 2150 2890 mensis

247 2902 455 2962 Augusti
478 2904 646 2950 vltime
675 2904 951 2966 [preteriti]
979 2910 1264 2953 reuerenter
1287 2908 1566 2966 recepimus
1588 2911 1813 2954 tenorem
1836 2909 2151 2954 continentes

247 2965 646 3025 infrascriptum:
745 2968 1039 3025 Willelmus,
1127 2971 1453 3029 permissione
1530 2971 1698 3016 diuina
1786 2971 2150 3017 Lincolniensis

248 3030 524 3088 episcopm,
550 3030 734 3076 dilecto
767 3032 817 3076 in
852 3032 1051 3078 Christo
1074 3032 1176 3079 filio
1198 3034 1367 3078 abbati
1391 3035 1676 3079 monasterii
1700 3034 1764 3080 de
1790 3035 1956 3093 Burgo
1991 3035 2149 3080 sancti

250 3090 394 3146 Petri,
420 3096 512 3138 etc.
602 3094 819 3151 Quarum
857 3096 1149 3142 auctoritate
1186 3096 1459 3141 litterarum
1495 3100 1767 3142 vestrarum
1803 3112 1976 3143 omnes
2012 3111 2145 3143 com-

247 3156 532 3211 monachos,
557 3157 831 3203 confratres
854 3161 903 3203 et
927 3173 1195 3204 conuersos
1219 3159 1339 3204 dicti
1364 3161 1649 3206 monasterii
1678 3161 1832 3205 nostri
1867 3161 1950 3220 qui
1985 3160 2148 3205 solent

246 3220 330 3262 aut
365 3217 551 3263 debent
585 3234 646 3264 ex
680 3234 826 3266 causa
861 3221 1021 3266 huius3
1054 3223 1318 3267 conuocari
1354 3223 1612 3268 citauimus
1651 3223 1787 3283 quod
1823 3226 2146 3282 compareant

246 3294 412 3325 coram
457 3282 597 3327 vobis
641 3284 880 3329 vestrisve
925 3286 1276 3330 commissariis
1320 3285 1558 3344 predictis
1602 3287 1681 3331 vel
1725 3300 1893 3331 coram
1948 3300 2046 3331 vno
2097 3286 2146 3331 in

243 3342 568 3403 inquisicione
592 3349 753 3391 vestra
776 3347 1001 3405 predicta
1017 3349 1396 3409 inquisicionem
1413 3352 1627 3394 vestram
1643 3349 1864 3403 subituri,
1882 3352 2147 3409 ceteraque

242 3407 408 3475 omnia
444 3410 493 3452 et
529 3409 720 3466 singula
756 3409 931 3455 facturi
968 3425 1064 3471 que
1108 3411 1282 3456 litteris
1326 3412 1501 3456 vestris
1546 3412 1785 3470 predictis
1829 3413 2144 3458 continentur

241 3471 375 3513 iuxta
418 3470 530 3523 vim,
576 3470 788 3517 formam
832 3476 880 3518 et
926 3472 1160 3519 effectum
1205 3474 1475 3520 earundem
1519 3475 1792 3520 litterarum
1836 3479 2108 3520 vestrarum
2128 3491 2140 3531 ;

241 3545 449 3590 quorum
494 3533 753 3579 citatorum
798 3536 999 3581 nomina
1042 3540 1090 3582 et
1135 3538 1432 3594 cognomina
1492 3539 1541 3583 in
1598 3538 1775 3583 cedula
1825 3538 2139 3597 presentibus

240 3608 431 3639 annexa
454 3597 685 3641 seriosius
709 3599 1101 3644 conscribuntur.
1201 3600 1266 3644 Et
1289 3614 1380 3645 nos
1402 3601 1712 3646 concedente
1738 3601 1954 3646 Domino
1978 3601 2136 3659 parati

239 3657 419 3702 erimus
455 3658 832 3718 inquisicionem
866 3665 1080 3706 vestram
1116 3661 1397 3708 huiusmodi
1429 3664 1648 3718 subituri,
1681 3667 1944 3724 ceteraque
1968 3664 2134 3709 omnia

215 3767 227 3790 ¹
257 3767 356 3816 Reg.
376 3743 853 3821 AsshetonssRamsey‚f0‚
878 3774 960 3819 19d
1163 3746 1193 3749 “
1246 3747 1265 3748 ”
1340 3747 1672 3751 “r‘r--e-w-—m
1777 3749 1797 3750 η
1963 3750 2132 3753 ᾑ-

213 3817 230 3840 ²
255 3818 342 3856 Sic:
371 3819 428 3856 for
454 3821 629 3858 debitum,

214 3867 230 3892 ³
255 3869 342 3906 Sic:
370 3870 429 3906 for
455 3871 675 3910 huiusmodi.
