2476 4412
299 399 386 456 31
758 375 1248 437 ALNWICK’S
1330 369 1896 430 VISITATIONS

438 538 610 585 Frater
638 532 972 598 [Willelmus]
1001 532 1170 579 Yorke
1193 530 1419 576 similiter
1440 529 1627 575 iuratus
1661 530 1711 574 et
1743 527 2056 574 examinatus
2088 528 2153 574 de
2187 528 2336 588 sigill-

307 600 502 649 acionel
518 600 743 647 albarum
758 600 1006 645 cartarum
1027 595 1261 642 hesterna
1279 593 1361 640 die
1384 592 1518 640 facta
1541 591 1663 639 dicit
1686 590 1834 651 plane
1851 591 1990 654 quod
2011 606 2114 639 non
2141 590 2336 655 [nouit]

311 665 377 711 de
412 699 611 774 'grater
647 725 898 788 Johannes
939 722 1073 768 Hole
1111 721 1337 768 similiter
1379 719 1568 765 iuratus
1606 721 1656 764 et
1695 718 2005 765 examinatus
2043 718 2168 766 dicit
2204 718 2344 781 quod

309 805 514 852 presens
547 792 652 837 erat
683 789 734 834 in
768 788 980 833 tractatu
1013 788 1064 832 et
1095 784 1404 845 sigillacione
1434 782 1580 828 Vnius
1613 781 1765 828 solius
1797 780 1912 828 albe
1944 784 2081 829 carte
2103 782 2170 829 ad
2190 797 2344 829 vnum

309 853 703 915 procuratorium
725 849 1109 906 conficiendum,
1133 847 1225 895 sed
1248 860 1349 893 non
1372 845 1603 906 plurium.

439 955 556 1018 [Fo.
586 965 642 1014 17
666 950 949 1012 schedule.]
1044 951 1101 997 In
1138 951 1232 997 Dei
1267 949 1484 1005 nomine,
1520 962 1681 995 amen.
1771 947 1898 994 Cum
1931 962 2091 1008 nuper
2123 950 2264 995 certo
2296 951 2347 996 et

308 1020 496 1068 recenti
541 1017 698 1064 relatu
741 1015 806 1063 ad
855 1015 1012 1061 nostri
1067 1013 1323 1070 willelmi,
1369 1012 1699 1072 permissione
1752 1011 1925 1057 diuina
1981 1011 2347 1060 Lincolniensis

308 1082 545 1143 episcopi,
579 1080 804 1127 auditum
848 1078 1078 1138 peruenit
1109 1077 1247 1138 quod
1279 1079 1346 1132 tu,
1381 1075 1535 1121 frater
1567 1074 1822 1136 Johannes
1854 1074 2154 1137 Waynflete,
2189 1075 2348 1123 abbas

309 1145 593 1205 monasterij
631 1143 696 1190 de
731 1142 1008 1203 Bardeney,
1043 1141 1235 1187 ordinis
1268 1139 1426 1186 sancti
1462 1138 1740 1195 Benedicti,
1776 1141 1947 1186 nostre
1979 1138 2209 1197 diocesis,
2245 1154 2348 1187 vna

307 1224 420 1256 cum
463 1206 762 1270 quibusdam
806 1204 1151 1265 complicibus,
1197 1203 1476 1250 fautoribus
1521 1204 1571 1249 et
1615 1201 1910 1248 consiliariis
1964 1203 2076 1259 tuis,
2131 1205 2349 1251 tractatu

307 1272 566 1332 capitulari
599 1271 728 1316 inter
761 1272 812 1315 te
846 1271 896 1315 et
930 1269 1235 1314 conuentum
1268 1266 1391 1312 dicti
1424 1266 1714 1326 monasterij
1751 1265 2020 1312 nullatinus
2063 1266 2346 1326 prehabito,

307 1334 568 1382 nonnullas
601 1332 830 1379 scedulas
864 1346 1040 1377 vacuas
1072 1330 1193 1377 alias
1228 1330 1389 1376 dictas
1411 1329 1551 1375 albas
1575 1331 1738 1375 cartas
1760 1329 1924 1389 sigillo
1947 1331 2201 1377 communi
2225 1330 2349 1377 dicti

307 1398 592 1457 monasterij
629 1395 868 1451 clanculo,
894 1395 1053 1441 eciam
1077 1394 1142 1440 de
1167 1396 1327 1450 nocte,
1353 1393 1544 1455 absque
1565 1392 1836 1448 voluntate,
1861 1393 2079 1439 sciencia
2108 1396 2194 1440 aut
2227 1408 2345 1441 con-

307 1477 454 1508 sensu
493 1461 613 1506 dicti
652 1461 928 1506 conuentus
967 1472 1055 1504 seu
1093 1457 1270 1503 saltem
1315 1457 1516 1503 maioris
1560 1458 1610 1502 et
1654 1457 1864 1503 sanioris
1907 1457 2062 1516 partis
2106 1457 2346 1515 eiusdem,

306 1524 546 1583 sigillasti²
589 1523 855 1582 sigillarive
898 1521 1075 1577 fecisti,
1123 1523 1172 1567 et
1215 1520 1465 1566 mandasti
1510 1534 1596 1566 seu
1641 1520 1818 1566 saltem
1863 1519 2149 1567 huiusmodi
2195 1521 2344 1581 sigill-

306 1589 533 1634 acionem
555 1588 652 1632 tuis
676 1586 876 1632 nomine
901 1588 950 1631 et
973 1584 1210 1631 mandato
1234 1584 1420 1630 factam
1443 1585 1601 1629 ratam
1635 1583 1852 1630 habuisti
1887 1586 1938 1630 et
1971 1583 2128 1630 habes
2161 1586 2348 1645 pariter

306 1654 356 1698 et
378 1654 650 1710 acceptam,
675 1665 737 1696 ex
759 1664 860 1711 quo
883 1650 1038 1708 ipsius
1062 1648 1348 1708 monasterij
1384 1646 1533 1694 finale
1556 1648 1906 1694 exterminium
1941 1649 1991 1694 et
2023 1648 2348 1708 irreparabile

307 1715 672 1768 detrimentum,
698 1714 817 1775 quin
850 1726 966 1773 ymo
991 1711 1363 1758 desolacionem
1385 1711 1661 1757 vltimatam
1696 1711 1898 1757 euenire
1930 1710 2272 1769 formidamus,
2297 1715 2348 1759 et

305 1778 528 1824 volentes
561 1780 828 1837 propterea
861 1776 1016 1835 ipsius
1050 1775 1337 1835 monasterij
1373 1774 1744 1834 indempnitati³
1776 1775 1869 1820 viis
1892 1778 1942 1821 et
1975 1775 2140 1821 modis
2167 1775 2348 1837 quibus

306 1856 569 1901 possumus
601 1853 883 1900 precauere,
909 1853 1169 1885 monemus
1198 1841 1249 1884 te
1272 1837 1479 1884 fratrem
1511 1838 1791 1900 Johannem
1814 1838 2063 1895 abbatem,
2088 1853 2149 1885 ac
2172 1853 2347 1886 omnes

306 1905 398 1951 tibi
433 1905 484 1950 in
519 1903 803 1950 huiusmodi
838 1905 954 1949 actu
989 1902 1233 1962 nephario
1269 1904 1319 1947 et
1355 1901 1630 1961 dampnato
1674 1901 1977 1949 adherentes
2021 1902 2344 1960 consiliarios,

306 1970 671 2027 cooperatores
707 1969 949 2021 auctoreS,
984 1966 1218 2023 fautores,
1255 1966 1635 2012 consencientes
1670 1968 1719 2011 et
1755 1968 1974 2026 agentes,
2011 1964 2087 2012 hic
2124 1969 2347 2026 pronum:

301 2034 528 2091 presentes
550 2034 592 2077 et
614 2031 761 2076 eciam
785 2030 1006 2086 absenteS,
1026 2030 1202 2089 primo,
1223 2028 1447 2076 secundo
1465 2031 1516 2075 et
1537 2029 1695 2075 tercio
1718 2029 2057 2090 peremptorie
2079 2028 2149 2075 vt⁴
2171 2044 2346 2076 omnes

306 2097 356 2141 et
378 2094 595 2154 singulas
618 2093 901 2139 huiusmodi
924 2093 1153 2139 scedulas
1186 2107 1363 2138 vacuas
1395 2093 1500 2138 siue
1533 2093 1671 2138 albas
1705 2095 1867 2139 cartas
1900 2093 2022 2139 dicti
2056 2094 2343 2154 monasterij

307 2158 468 2216 sigillo
507 2158 757 2204 communi
796 2157 867 2203 sic
906 2156 1156 2216 sigillatas,
1196 2156 1346 2202 eciam
1379 2157 1540 2216 primo
1577 2156 1806 2216 scripmsf
1843 2157 1883 2202 si
1927 2156 2217 2203 facultatem
2260 2171 2346 2204 eas

306 2221 576 2267 exhibendi
601 2223 649 2267 et
674 2220 1050 2267 demonstrandi
1084 2220 1272 2266 habeas
1295 2223 1349 2265 tu
1370 2220 1541 2276 abbas,
1566 2220 1645 2266 vel
1679 2220 1863 2266 habeat
1895 2220 2074 2282 aliquis
2108 2223 2342 2277 vestrum,

306 2285 451 2331 nobis
489 2288 538 2331 et
577 2299 745 2330 coram
781 2284 925 2329 nobis
961 2284 1403 2343 impresenciarum
1440 2286 1490 2330 et
1524 2283 1732 2330 indilate
1771 2284 1967 2330 realiter
2009 2283 2250 2330 exhibeas
2294 2286 2345 2331 et

304 2348 540 2394 ostendas
562 2363 621 2394 ac
644 2347 852 2410 quilibet
885 2350 1104 2394 vestrum
1129 2348 1200 2393 sic
1223 2347 1422 2393 realiter
1445 2347 1681 2393 exhibeat
1705 2350 1754 2394 et
1777 2347 2011 2394 ostendat
2035 2365 2044 2404 ;
2081 2348 2341 2405 sinautem,

306 2414 355 2458 et
378 2412 418 2457 si
440 2411 591 2457 talem
614 2411 899 2457 facultatem
931 2425 1032 2457 non
1066 2411 1253 2457 habeas
1285 2413 1340 2457 tu
1373 2411 1543 2468 abbas,
1569 2426 1663 2457 nec
1696 2411 1880 2457 habeat
1912 2414 2132 2457 vestrum
2165 2411 2344 2474 aliquis

307 2475 372 2521 de
407 2474 659 2534 presenti‚⁰
693 2475 896 2520 nomina
932 2477 981 2520 et
1016 2476 1319 2534 cognomina
1353 2489 1680 2534 personarum
1716 2475 1911 2520 illarum
1944 2475 2029 2536 qui
2057 2474 2344 2522 huiusmodi

305 2538 531 2584 scedulas
555 2553 733 2584 vacuas
758 2539 862 2584 siue
885 2540 1047 2584 cartas
1070 2539 1222 2594 albas,
1243 2539 1402 2584 eciam
1426 2539 1466 2583 si
1491 2553 1623 2584 nunc
1647 2539 1832 2598 scripte
1856 2541 1983 2595 sunt,
2009 2538 2346 2596 habencium,⁷

305 2602 462 2647 eciam
485 2603 924 2660 impresenciarum
949 2605 996 2647 et
1019 2602 1208 2663 absque
1225 2602 1472 2648 vlterioris
1497 2616 1625 2647 more
1649 2601 1861 2661 diffugio
1886 2602 2032 2648 nobis
2056 2601 2266 2662 detegas
2288 2604 2343 2648 tu

303 2665 472 2720 abbaS,
499 2668 547 2710 et
581 2665 781 2724 detegat
815 2665 1024 2726 quilibet
1057 2668 1276 2711 vestrum
1301 2665 1383 2711 hic
1405 2665 1734 2724 presencium,
1759 2667 1949 2728 absque
1973 2666 2341 2723 concelacione,

305 2729 624 2787 surrepcione
658 2743 744 2774 seu
778 2730 1124 2775 subtraccione
1157 2743 1484 2790 quacumque,
1511 2729 1603 2774 sub
1637 2743 1767 2789 pena
1802 2730 2343 2776 excommunicacionis

305 2791 516 2848 maioris,
557 2807 702 2853 quam
739 2792 790 2837 in
829 2806 1096 2851 personam
1133 2795 1270 2838 tuam
1306 2795 1357 2838 et
1391 2791 1613 2837 vestrum⁸
1650 2793 1924 2852 singulares
1968 2807 2209 2853 personas
2253 2792 2344 2838 hiis

305 2855 645 2900 monicionibus
680 2856 848 2901 nostris
887 2856 1103 2915 legitimis
1140 2859 1183 2901 et
1222 2855 1462 2902 canonicis
1500 2855 1652 2901 debite
1691 2871 1786 2902 non
1818 2857 2116 2917 parencium,
2155 2856 2255 2902 tuis
2293 2859 2343 2903 et

302 2918 494 2963 vestris⁹
526 2933 677 2974 mora,
704 2919 861 2978 culpa,
889 2919 1007 2965 dolo
1032 2922 1081 2965 et
1103 2918 1309 2974 offensa,
1336 2922 1607 2981 nostraque
1628 2920 1759 2965 trina
1781 2918 2057 2966 canonica10
2081 2920 2342 2966 monicione

303 2982 542 3039 premissa
575 2982 626 3027 in
660 2982 754 3028 hac
788 2985 929 3042 parte
963 2982 1352 3042 precedentibus
1386 2985 1435 3028 et
1469 2982 1522 3028 id
1556 2984 1735 3029 merito
1774 2984 2105 3043 exigentibus,
2144 2998 2341 3030 exnunc

303 3047 450 3102 prout
473 3047 667 3102 extunc,
694 3048 742 3091 et
766 3048 947 3092 extunc
970 3049 1118 3106 prout
1143 3061 1339 3092 exnunc
1362 3045 1568 3092 ferimus
1591 3047 1643 3092 in
1666 3046 1763 3092 hiis
1786 3047 1998 3107 scriptis

402 3447 415 3471 ¹
441 3447 671 3495 cuiusd[am]
695 3448 913 3490 cancelled.

401 3497 419 3522 2
443 3504 510 3535 aut
534 3499 753 3539 cancelled.

401 3548 418 3573 ³
443 3551 510 3599 qui
531 3549 746 3587 cancelled.

399 3600 416 3623 ⁴
441 3601 475 3637 A
494 3600 590 3649 long
607 3601 805 3638 cancelled
823 3614 992 3652 passage
1011 3603 1103 3642 with
1123 3604 1288 3643 unfilled
1315 3617 1415 3655 gaps
1443 3605 1622 3644 follows:
1651 3606 1761 3655 infra
1789 3635 1798 3645 .
1829 3635 1838 3645 .
1870 3635 1879 3646 .
1906 3607 1985 3645 dies
2012 3609 2093 3646 iam
2122 3609 2340 3648 immediate

295 3657 498 3709 sequentes,
518 3664 675 3700 quorum
705 3681 713 3689 .
742 3679 751 3689 .
780 3681 790 3690 .
816 3659 888 3701 pro
901 3656 1028 3702 primo
1056 3683 1065 3692 .
1097 3683 1106 3693 .
1138 3687 1146 3694 .
1178 3685 1186 3693 .
1205 3663 1280 3706 pro
1297 3659 1454 3695 secundo
1481 3685 1489 3696 .
1524 3686 1532 3695 .
1562 3685 1572 3696 .
1605 3685 1614 3695 .
1635 3664 1710 3708 pro
1727 3660 1840 3696 tercio
1857 3664 1894 3696 et
1905 3662 2161 3710 peremptorio
2178 3662 2338 3700 termino

295 3715 338 3739 ac
355 3705 556 3740 monicume
574 3704 752 3740 canonica
771 3703 839 3740 tibi
855 3709 891 3740 et
907 3707 958 3741 eis
972 3708 1200 3754 prefigimus
1217 3713 1253 3744 et
1268 3710 1521 3755 assignamus.

399 3753 414 3776 ⁵
439 3753 541 3790 nobis
559 3752 716 3790 indilate
735 3754 865 3791 liberes
884 3761 920 3791 et
934 3756 1067 3793 tradas
1083 3770 1146 3793 seu
1164 3759 1215 3794 sic
1232 3759 1394 3797 liberari
1409 3765 1448 3796 et
1462 3759 1573 3798 tradi
1577 3760 1709 3809 facias
1725 3759 1940 3799 cancelled.
2013 3760 2100 3799 The
2121 3770 2216 3800 next
2235 3761 2336 3802 lines

298 3801 397 3841 from
416 3806 454 3843 si
457 3804 683 3853 facultatem
704 3814 744 3842 to
764 3804 823 3842 ln'c
842 3810 1077 3858 presencium
1097 3821 1160 3848 are
1179 3821 1228 3846 an
1248 3809 1428 3850 addition
1449 3817 1491 3850 to
1509 3811 1576 3849 the
1595 3812 1802 3858 monition,
1820 3812 1977 3852 written
1998 3812 2123 3853 below
2145 3813 2214 3852 the
2232 3821 2330 3854 text.
