2488 4296
326 399 406 470 65
777 388 1265 450 ALNWICK’S
1348 384 1914 443 VISITATIONS

453 549 748 603 willelmus,
790 546 1117 606 permissione
1157 543 1328 589 diuina
1370 541 1735 588 Lincolniensis
1773 542 2055 602 episcopus,
2092 543 2290 590 dilectis
2313 544 2365 591 in

325 613 525 660 Christo
564 611 676 656 filiis
714 610 867 670 priori
907 611 957 654 et
995 607 1231 667 suppriori
1276 621 1335 650 ac
1374 605 1644 652 conuentui
1688 606 1937 664 prioratus
1982 606 2047 652 de
2093 607 2362 665 Dauentre,

325 676 514 723 ordinis
539 675 695 719 sancti
721 672 997 727 Benedicti,
1023 673 1193 716 nostre
1228 669 1458 723 diocesiS,
1493 669 1811 727 presentibus
1845 671 1895 714 et
1927 669 2106 715 futuris
2138 670 2363 727 salutem,

324 740 543 799 graciam
579 740 629 783 et
665 735 1093 782 benediccionem.
1177 733 1235 778 In
1268 745 1537 791 progressu
1569 731 1877 778 visitacionis
1910 735 2082 779 nostre
2114 733 2366 781 ordinarie

324 817 472 864 quam
497 803 546 846 in
570 800 979 846 archidiaconatu
1003 799 1174 842 nostro
1200 796 1246 841 N
1251 795 1625 854 orthamptonie
1657 795 1981 857 ecclesiisque
2003 799 2106 842 tam
2130 797 2364 855 regulari-

325 866 417 911 bus
472 878 621 924 quam
676 861 980 908 secularibus
1034 873 1094 905 ac
1154 859 1290 904 clero
1346 861 1396 903 et
1450 857 1639 916 populo
1695 859 1969 904 earundem
2025 859 2089 905 de
2145 861 2366 919 presenti

326 925 650 981 exercemus,1
683 925 748 970 ad
782 939 870 970 vos
905 926 954 969 et
987 923 1153 968 locum
1187 924 1405 967 vestrum
1439 921 1583 966 sicuti
1619 924 1668 967 et
1703 922 1780 967 ad.
1804 925 2001 968 ceteros
2039 924 2366 982 personaliter

325 990 688 1037 descendentes
712 1003 771 1033 ac
794 1001 942 1045 super
966 988 1097 1031 statu
1120 986 1368 1044 prioratus
1392 984 1542 1030 vestri
1575 984 1861 1032 huiusmodi
1897 988 1946 1032 et
1979 988 2147 1032 vestro
2170 987 2365 1033 solicite

322 1054 644 1115 inquirenteS,
691 1050 845 1096 nichil
899 1050 1040 1111 quasi
1086 1049 1204 1094 boni
1260 1049 1390 1093 inter
1443 1062 1534 1094 vos
1588 1049 1900 1107 reperimus:
1967 1050 2206 1111 quinymo
2260 1053 2368 1096 tota

323 1118 497 1175 religio
543 1117 671 1160 inter
725 1129 814 1159 vos
870 1114 1018 1172 periit
1072 1114 1122 1157 et
1175 1110 1472 1171 temporalia
1525 1113 1704 1166 vestra,
1762 1113 1871 1158 sine
1925 1112 2105 1174 quibus
2159 1125 2368 1172 presens

322 1182 423 1226 vita
469 1179 584 1224 duci
629 1192 728 1223 non
775 1179 954 1236 potest,
1000 1175 1214 1221 tendunt
1257 1174 1324 1220 ad
1369 1188 1470 1220 non
1515 1188 1641 1221 esse.
1724 1175 1791 1221 Et
1830 1175 2054 1222 volentes
2098 1179 2368 1236 propterea

323 1243 617 1301 religionem
661 1241 785 1286 inter
822 1255 912 1286 vos
957 1238 1191 1284 reflorere
1236 1241 1287 1283 et
1329 1238 1627 1297 temporalia
1671 1242 1837 1285 vestra
1889 1238 1956 1285 ad
2009 1239 2274 1286 vtilitatem
2318 1242 2369 1286 et

324 1305 645 1352 commodum
699 1305 863 1349 vestra
918 1301 1173 1348 deceter02
1227 1302 1427 1347 vberius
1481 1302 1762 1360 gubernari,
1820 1317 1910 1348 vos
1964 1303 2184 1362 priorem
2235 1317 2368 1349 nunc

316 1371 507 1430 propter
528 1367 708 1412 senium
733 1370 774 1411 et
797 1365 1126 1425 z'rnpotenciam
1150 1368 1352 1410 vestram
1376 1368 1664 1425 corpoream,
1690 1364 1749 1410 et⁸
1771 1379 1832 1411 eo
1855 1366 1994 1427 quod
2017 1365 2298 1425 religionem
2319 1369 2369 1412 et

322 1431 617 1490 temporalia
653 1430 775 1476 dicti
813 1430 964 1475 vestri
1003 1429 1099 1474 loci
1145 1428 1341 1474 oculata
1379 1427 1480 1474 fide
1519 1428 1747 1474 videmus
1787 1429 1880 1474 sub
1924 1429 2166 1488 regimine
2201 1432 2368 1475 vestro

322 1496 530 1541 tendere
547 1494 612 1540 ad
635 1508 735 1539 non
754 1508 876 1548 esse,
896 1493 960 1538 ab
979 1493 1115 1538 omni
1133 1491 1573 1538 administracione
1591 1507 2002 1554 quorumcunque
2018 1493 2369 1552 temporalium

324 1559 445 1605 dicti
469 1559 727 1617 prioratus,
755 1559 803 1602 et
826 1557 986 1602 eciam
1017 1553 1078 1601 eo
1113 1555 1251 1616 quod
1285 1554 1351 1600 de
1383 1557 1491 1601 toto
1524 1558 1754 1615 tempore
1787 1558 1954 1602 vestro
1977 1559 2279 1616 ,compotum
2303 1556 2369 1602 de

322 1621 760 1668 administracione
778 1621 1023 1665 bonorum
1049 1619 1169 1664 dicti
1193 1619 1439 1678 prioratus
1463 1633 1563 1665 non
1588 1618 1894 1675 reddidistis,
1913 1619 2135 1679 regulam
2152 1622 2370 1666 vestram

323 1684 594 1746 sequendo,
614 1684 811 1743 penitus
829 1683 1179 1742 suspendimus
1202 1683 1253 1727 in
1276 1682 1373 1727 hiis
1396 1683 1608 1742 scriptis,
1627 1683 1771 1728 vobis
1793 1684 1845 1728 in
1867 1684 2049 1729 virtute
2071 1682 2370 1729 obediencie

325 1751 374 1795 et
397 1749 488 1794 sub
523 1762 653 1807 pena
687 1749 1004 1806 contemptus
1037 1761 1096 1791 ac
1131 1747 1671 1792 excommunicacionis
1705 1761 1849 1806 pena,
1885 1761 2035 1807 quam
2068 1747 2120 1792 in
2152 1749 2370 1792 vestram

324 1826 590 1872 personam
645 1812 686 1856 si
741 1825 841 1856 non
896 1810 1117 1855 feceritis
1172 1809 1309 1870 quod
1375 1809 1672 1856 mandamus
1730 1809 2037 1856 intendimus
2090 1810 2367 1866 fulminare,

323 1876 614 1934 im'ungentes
636 1878 682 1919 vt
705 1874 769 1919 ab
792 1873 1077 1919 huiusmodi
1100 1872 1452 1932 temporalium
1479 1874 1615 1919 omni
1651 1876 1700 1919 et
1733 1873 2025 1920 omnimoda
2056 1873 2369 1919 administra-

323 1940 469 1984 cione
517 1938 751 1984 decetero
796 1938 994 1996 penitus
1037 1937 1342 1992 abstineatis,
1388 1951 1449 1983 ac
1493 1951 1570 1982 vos
1613 1940 1655 1982 et
1699 1939 1764 1994 tu,
1810 1937 1975 1983 dilecte
2009 1937 2095 1997 fili
2137 1936 2368 1997 supprior,

324 2002 663 2048 obseruanciis
686 2001 994 2059 regularibus
1018 2003 1068 2046 et
1101 2001 1169 2045 ad
1202 2000 1428 2046 diuinum
1462 2000 1682 2046 officium
1715 2001 1766 2046 in
1800 1999 1959 2047 choro
1983 2003 2033 2046 et
2054 2000 2174 2047 alibi
2199 2001 2264 2047 de
2287 2000 2370 2046 die

323 2067 374 2111 et
398 2065 461 2110 de
486 2068 633 2110 nocte
657 2064 1040 2119 decantandum,
1067 2066 1116 2109 et
1138 2066 1191 2108 vt
1214 2063 1474 2109 silencium
1509 2063 1693 2110 debitis
1717 2063 1846 2110 horis
1874 2066 1925 2110 et
1947 2064 2071 2109 locis
2095 2063 2371 2110 secundum

322 2128 544 2187 regulam
566 2130 781 2173 vestram
806 2127 976 2173 debite
999 2126 1311 2173 obseruetur⁴
1334 2130 1483 2173 nocte
1506 2127 1690 2189 dieque
1717 2126 2046 2187 personaliter
2068 2127 2340 2174 intendatis
2359 2144 2373 2185 3

323 2192 558 2253 quodque
582 2205 674 2236 nec
709 2192 759 2236 in
784 2191 918 2245 ortiS,
943 2191 1093 2247 siluis,
1120 2191 1422 2247 nemoribus,
1446 2190 1669 2249 gardinis
1699 2191 2030 2237 exterioribus
2063 2194 2148 2237 aut
2182 2192 2372 2251 campis

325 2270 413 2311 vos,
434 2255 583 2314 prior,
608 2255 796 2315 absque
820 2257 1014 2300 maturo
1034 2256 1083 2300 et
1101 2254 1320 2300 discreto
1345 2255 1711 2301 commonacho
1731 2257 1781 2300 et
1797 2269 1896 2300 vno
1922 2254 2137 2300 honesto
2161 2255 2371 2301 seculari

325 2318 451 2364 vobis
496 2318 731 2363 associatis
777 2318 980 2376 vagetis,
1026 2317 1095 2363 vt⁵
1134 2318 1539 2364 conuersacionis
1579 2321 1743 2364 vestre
1786 2321 1941 2364 testes
1986 2318 2227 2376 habeatis,
2273 2333 2372 2380 que

324 2384 530 2441 propter
553 2385 766 2427 vestram
790 2382 1210 2440 soliuagacionem
1236 2381 1472 2442 hucusque
1490 2381 1725 2442 grauiter⁶
1748 2381 2050 2440 denigratur.

453 2445 661 2504 Insuper
685 2445 985 2503 iniungimus
1010 2447 1059 2490 et
1082 2445 1378 2491 mandamus
1402 2446 1546 2491 vobis
1563 2446 1807 2491 vniuersis
1832 2449 1881 2491 et
1904 2445 2110 2504 singulis
2128 2446 2370 2505 presenti-

325 2509 416 2553 bus
450 2512 498 2554 et
531 2508 708 2553 futuris
743 2509 835 2553 sub
874 2523 1005 2567 pena
1045 2509 1585 2555 excommunicacionis
1624 2509 1878 2555 antedicte
1916 2511 1969 2554 vt
2008 2509 2233 2571 quolibet
2273 2508 2370 2564 die,

324 2573 489 2617 statim
513 2572 840 2630 completorio
873 2571 1154 2628 decantato,
1178 2572 1244 2618 ab
1272 2573 1504 2618 omnibus
1539 2575 1588 2619 et
1621 2572 1923 2618 omnimodis
1956 2571 2300 2631 potacionibus
2322 2575 2374 2619 et

325 2636 804 2681 commesacionibus
835 2636 1033 2694 penitus
1067 2636 1390 2692 abstinenteS,
1417 2636 1764 2682 dormitorium
1801 2639 1851 2682 et
1882 2637 2041 2682 lectos
2074 2636 2373 2696 vnisormiter

323 2700 516 2757 petatis,
559 2699 739 2744 exinde
784 2699 1051 2744 nullatinus
1096 2700 1274 2745 exituri
1310 2714 1465 2761 vsque
1506 2699 1627 2745 dum
1667 2701 1895 2761 sequenti
1936 2699 2019 2745 die
2054 2699 2120 2745 ad
2158 2699 2372 2759 primam

323 2762 557 2821 pulsetur,
578 2763 671 2807 nisi
694 2765 887 2807 tantum
910 2762 974 2807 ad
999 2764 1266 2808 matutinas
1290 2763 1457 2809 media
1480 2765 1629 2810 nocte
1653 2763 2009 2809 decantandas.

453 2826 579 2870 Item
602 2826 903 2885 iniungimus
932 2826 997 2871 et⁷
1030 2826 1325 2871 mandamus
1358 2827 1502 2872 vobis
1535 2827 1780 2872 vniuersis
1814 2829 1864 2872 et
1898 2826 2118 2886 singuliS,
2143 2824 2298 2871 modo
2322 2826 2372 2870 et

323 2887 483 2934 forma
522 2892 571 2934 et
610 2889 701 2933 sub
739 2890 883 2948 penis
917 2890 1230 2948 supradictis,
1266 2893 1318 2935 vt
1358 2889 1520 2936 horas⁸
1556 2890 2005 2950 contemplacionis
2045 2893 2094 2936 et
2129 2888 2281 2934 studii
2320 2888 2371 2933 in

324 2951 537 2996 claustro
582 2953 716 2997 omni
762 2952 844 2998 die
883 2953 1159 2998 secundum
1198 2952 1420 3012 regulam
1464 2956 1682 2999 vestram
1726 2954 1925 3012 penitus
1970 2953 2262 3008 obseruetis,
2308 2966 2372 2997 ne

324 3015 553 3075 antiquus
577 3015 659 3061 ille
683 3015 840 3061 hostis
863 3016 947 3076 qui
973 3017 1135 3077 querit
1158 3031 1308 3078 quem
1333 3016 1560 3063 deuoret⁹
1582 3017 1804 3062 inueniat
1826 3031 1916 3062 vos
1939 3018 2150 3062 ociosos,

425 3126 438 3150 ¹
467 3128 628 3166 Altered
647 3128 747 3165 from
767 3135 995 3166 exercentes.

426 3176 442 3200 2
467 3179 511 3215 di
537 3179 750 3217 cancelled.

425 3227 440 3251 ³
470 3228 649 3266 Inserted
677 3230 716 3266 in
745 3230 914 3278 margin.

424 3279 440 3302 ⁴
468 3280 629 3317 Altered
650 3280 748 3317 from
769 3281 1028 3318 obseruentur.

425 3329 439 3352 ⁵
466 3343 524 3367 eos
543 3330 710 3368 habeatis
727 3331 948 3369 cancelled.

425 3380 441 3404 ⁶
467 3383 630 3430 turpiter
656 3381 875 3420 cancelled.

426 3431 441 3456 7
467 3432 568 3469 vobis
587 3432 824 3482 apparently
842 3433 1059 3471 cancelled.

427 3481 442 3504 8
470 3483 634 3520 Altered
653 3482 751 3519 from
780 3483 879 3521 hore.

427 3533 443 3556 ⁹
476 3544 489 3570 1
517 3533 600 3572 Pet.
626 3543 667 3581 v,
688 3535 726 3571 8.

430 3623 441 3647 ¹
470 3624 557 3662 The
575 3623 812 3673 injunctions
830 3625 949 3673 begin
966 3626 1072 3664 here.

429 3674 446 3698 2
471 3676 558 3713 The
575 3675 770 3724 sub-prior
787 3676 819 3713 is
837 3677 1024 3726 specially
1043 3678 1269 3718 mentioned
1296 3692 1348 3718 on
1365 3686 1532 3719 account
1559 3681 1604 3719 of
1626 3681 1693 3719 the
1719 3680 1971 3720 commission
1999 3680 2044 3719 of
2065 3680 2133 3719 tbe
2161 3680 2369 3731 temporal-

329 3726 416 3764 ities
433 3726 478 3764 of
499 3727 565 3764 the
584 3727 706 3764 house
725 3733 766 3764 to
786 3727 880 3764 him.

428 3777 444 3800 ⁸
470 3776 557 3818 The
577 3776 776 3831 sub-prior
794 3777 826 3815 is
845 3777 1058 3819 addressed
1077 3779 1116 3817 in
1136 3780 1203 3821 the
1221 3781 1367 3821 second
1388 3795 1531 3836 person
1551 3782 1744 3837 singular.
