2488 4296
290 435 363 500 69
741 423 1228 484 ALNWICK‘S
1313 417 1878 479 VISITATIONS

291 587 342 631 et
380 585 445 631 de
485 585 667 630 nocte:
715 582 831 627 ideo
877 594 978 626 non
1022 580 1229 638 surgunt
1264 575 1420 623 certa1
1455 576 1581 621 hora
1616 574 1707 620 sed
1742 573 1808 620 ad
1844 576 2018 620 nutum
2053 575 2246 635 prioris,
2284 577 2335 621 et

290 647 471 695 cordas
495 647 658 692 eidem
683 646 989 704 pertinentes
1012 643 1149 702 prior
1171 642 1338 701 posuit
1360 639 1426 686 ad
1449 653 1719 697 campanas
1743 638 1968 684 ecclesie.

422 721 548 766 Item
584 718 812 764 canonici
849 716 1037 761 habent
1071 714 1361 775 frequentes
1395 726 1631 758 excursus
1665 710 1730 756 ad
1763 710 1990 770 publicas
2017 711 2251 757 tabernas
2283 711 2335 756 in

291 784 418 840 villa,
445 786 495 828 et
517 782 705 827 ibidem
730 782 964 826 exercent
987 778 1280 838 potaciones
1303 779 1353 822 et
1377 775 1754 822 comesaciones
1776 788 1892 820 cum
1915 774 2234 820 secularibus.

421 859 547 904 Item
593 856 715 902 dicit
759 854 895 916 quod
939 869 1050 899 cum
1097 854 1309 912 ipsemet
1353 851 1416 896 sit
1459 849 1743 909 grandeuus
1788 852 1838 895 et
1881 853 2150 910 propterea
2194 850 2335 912 quasi

292 923 542 981 impotens
575 919 640 964 ad
672 919 870 964 labores
903 921 1115 973 exteros,
1152 919 1202 961 et
1233 918 1402 960 tamen
1436 914 1804 973 deputauerunt
1837 914 2000 973 ipsum
2032 914 2084 959 in
2117 913 2336 959 officium

292 983 584 1046 coquinarij.
653 983 999 1041 Dampnosum
1021 983 1190 1026 tamen
1224 979 1320 1024 sibi
1353 977 1484 1023 foret
1512 977 1766 1023 dimittere
1790 976 2010 1023 officium
2032 979 2149 1023 ante
2171 977 2335 1036 proxi-

293 1063 429 1093 mum
451 1046 634 1093 festum
659 1044 921 1091 Michaelis
944 1046 1151 1103 propter
1184 1042 1497 1102 prouisiones
1520 1055 1644 1102 quas
1668 1039 1788 1086 fecit
1811 1041 1862 1086 in
1886 1040 2068 1087 eodem
2092 1039 2271 1087 officio.

423 1121 594 1166 Frater
616 1118 839 1163 Thomas
861 1117 1203 1177 Tewkesbury
1226 1115 1348 1161 dicit
1371 1115 1540 1160 omnia
1564 1114 1705 1160 bene.

423 1194 596 1238 Frater
618 1191 840 1237 Thomas
868 1189 1129 1235 Henrethe
1154 1189 1276 1234 dicit
1306 1187 1443 1249 quod
1476 1187 1611 1233 fama
1634 1187 1727 1232 fuit
1750 1186 1888 1249 quod
1910 1186 2064 1233 frater
2085 1186 2339 1248 Johannes

294 1256 652 1315 Shrewesbury
676 1255 946 1300 canonicus
970 1253 1207 1312 cognouit
1230 1251 1495 1297 carnaliter
1518 1251 1771 1312 quandam
1795 1251 2054 1297 mulierem
2087 1251 2138 1296 in
2171 1264 2338 1309 camp·

293 1320 411 1367 anili
456 1319 680 1374 ecclesie,
727 1317 865 1363 cuius
910 1330 1094 1362 nomen
1138 1316 1349 1375 ignorat.
1450 1314 1743 1374 Comparuit
1785 1315 1860 1360 vir
1906 1317 1955 1360 et
1999 1314 2200 1360 obiecto
2243 1313 2338 1359 sibi

294 1383 502 1430 articulo
538 1383 687 1440 negat
723 1395 871 1426 omne
909 1381 1097 1426 crimen
1136 1394 1249 1425 cum
1285 1378 1571 1423 huiusmodi
1608 1377 1815 1424 muliere
1838 1393 1866 1423 a
1889 1380 2118 1437 tempore
2146 1391 2338 1423 correc-

293 1447 452 1493 cionis
495 1445 627 1491 facte
666 1459 755 1503 per
800 1445 1048 1499 abbatem,
1090 1457 1187 1504 que
1232 1442 1326 1487 fuit
1370 1441 1634 1487 carceralis
1678 1440 1908 1487 custodia
1952 1444 2002 1487 et
2046 1441 2341 1487 obseruacio

294 1509 493 1556 claustri
518 1511 567 1554 et
600 1508 837 1554 ieiunium
860 1509 911 1553 in
934 1521 1064 1567 pane
1089 1509 1138 1552 et
1160 1521 1302 1567 aqua.
1369 1505 1516 1550 Vnde
1547 1504 1842 1551 iniunctum2
1864 1507 1940 1552 est
1973 1505 2067 1551 sibi
2100 1504 2340 1563 purgacio

293 1588 407 1619 cum
429 1573 479 1632 iij
506 1571 839 1618 confratribus
862 1572 962 1616 suis
987 1587 996 1627 3
1033 1573 1082 1616 et
1106 1569 1291 1615 deinde
1314 1569 1546 1628 purgauit
1575 1583 1629 1614 se
1653 1583 1767 1615 cum
1801 1568 1833 1629 ij
1870 1567 2205 1614 confratribus
2238 1568 2339 1613 suis

294 1637 359 1683 de
381 1637 549 1696 gracia
571 1635 761 1681 domini
785 1637 834 1680 et
858 1634 1089 1680 dimissus
1113 1636 1200 1679 est.

425 1709 567 1755 Idem
592 1708 714 1754 dicit
736 1708 872 1769 quod
895 1707 1051 1753 abbas
1074 1721 1175 1752 non
1210 1706 1437 1752 exhibuit
1470 1707 1763 1765 compotum
1796 1706 1847 1751 in
1882 1707 2135 1752 communi
2169 1719 2340 1751 coram

298 1776 548 1819 conuentu
570 1773 621 1818 in
644 1773 839 1831 integro
863 1786 925 1817 ex
948 1786 1047 1832 quo
1071 1771 1164 1816 fuit
1187 1770 1375 1816 electus
1398 1769 1568 1815 abbas.

427 1846 600 1891 Frater
638 1845 911 1891 Nicholaus
950 1843 1298 1905 Plymmouthe
1335 1843 1459 1889 dicit
1495 1843 1559 1889 de
1596 1846 1833 1904 compoto
1871 1858 1972 1890 non
2012 1844 2212 1890 reddito
2251 1859 2341 1904 per

298 1908 532 1955 abbatem
554 1911 606 1954 vt
629 1923 790 1968 supra.

428 1983 553 2028 Item
578 1981 859 2043 dicitquod
889 1983 1175 2027 tenementa
1198 1981 1485 2041 monasterij
1521 1981 1574 2026 in
1606 1980 1723 2027 villa
1757 1980 1823 2027 de
1857 1981 2207 2028 Dorcacestria
2240 1995 2342 2028 non

299 2049 413 2092 sunt
436 2046 564 2092 bene
587 2049 829 2105 reparata.

431 2120 546 2182 [Fo.
575 2121 742 2182 111d.]
786 2122 958 2167 Frater
980 2120 1236 2167 Walterus
1261 2121 1570 2167 Dorchestre
1594 2120 1717 2166 dicit
1739 2088 1877 2183 quod
1899 2122 2068 2168 omnia
2090 2121 2233 2168 bene.

429 2198 601 2243 Frater
624 2197 876 2258 Johannes
901 2197 1260 2257 Shrewesbury
1284 2197 1408 2244 dicit
1430 2197 1568 2259 quod
1592 2198 1760 2243 omnia
1783 2197 1926 2243 bene.

428 2271 599 2317 Frater
627 2271 918 2331 Radulphus
943 2272 1176 2318 Calethra
1211 2271 1333 2318 dicit
1356 2271 1494 2333 quod
1526 2271 1680 2318 frater
1713 2271 1967 2333 Johannes
1989 2272 2342 2333 Wynchestre,

299 2349 457 2394 nuper
480 2335 649 2391 abbas,
675 2336 888 2394 percipit
920 2335 984 2381 de
1009 2336 1160 2381 domo
1183 2336 1234 2380 in
1259 2336 1526 2382 esculentis
1559 2338 1610 2381 et
1642 2335 1925 2395 poculentis
1958 2339 2199 2398 quantum
2231 2350 2342 2397 per-

299 2399 490 2457 cipiunt
513 2398 613 2444 duo
637 2400 865 2444 canonici
890 2402 939 2444 et
961 2400 1026 2459 vij
1051 2399 1099 2444 li.

427 2462 554 2508 Item
594 2462 716 2507 dicit
754 2462 892 2523 quod
927 2462 1223 2523 Marmyone
1258 2461 1415 2508 habet⁸
1448 2462 1638 2508 ibidem
1673 2462 1896 2524 qualibet
1928 2461 2225 2523 septimana⁴
2257 2463 2338 2523 xvj

297 2539 447 2571 canes
483 2529 751 2582 currentes,
789 2540 881 2585 pro
918 2527 1099 2587 quibus
1134 2527 1350 2586 percipit
1388 2527 1439 2571 in
1479 2527 1759 2585 septimana
1798 2526 1925 2573 duos
1965 2526 2164 2573 modios
2203 2526 2345 2573 ordei

298 2591 465 2647 preter
487 2588 658 2643 furfur,
685 2592 735 2635 et
758 2591 977 2651 quinque
1001 2604 1157 2651 equos
1180 2594 1350 2650 pastos
1374 2590 1655 2650 sumptibus
1679 2590 1858 2636 domus
1881 2591 2131 2637 continue.

427 2652 568 2698 Idem
594 2653 887 2714 Marmyone
912 2654 1064 2699 habet
1085 2669 1234 2699 Vnam
1258 2668 1508 2700 cameram
1541 2653 1671 2700 infra
1693 2653 1976 2710 claustrum,
2001 2656 2051 2700 et
2085 2669 2199 2700 cum
2222 2653 2346 2700 inibi

300 2715 398 2760 sint
433 2716 558 2760 ostia
595 2716 793 2761 claustri
831 2717 1146 2762 dimittuntur
1181 2721 1356 2777 aperte
1392 2718 1533 2779 quasi
1567 2732 1657 2776 per
1690 2720 1849 2763 totam
1874 2720 2089 2774 noctem,
2115 2718 2186 2763 sic
2209 2717 2347 2779 quod

301 2779 546 2824 seculares
570 2779 757 2825 habent
779 2781 1004 2826 incursus
1028 2783 1077 2826 et
1101 2796 1337 2826 excursus
1360 2781 1411 2825 in
1434 2781 1705 2826 claustrum
1738 2783 1847 2827 toto
1880 2781 1966 2828 illo
2000 2784 2229 2841 ternpore
2252 2798 2262 2838 ;
2298 2783 2350 2826 et

302 2842 468 2886 omnia
490 2843 584 2887 ista
607 2843 881 2889 intitulatur
905 2844 1092 2890 habere
1115 2845 1208 2890 sub
1232 2844 1393 2903 sigillo
1418 2846 1684 2890 communi.

427 2918 619 2964 ⁶Frater
646 2920 894 2966 Henricus
917 2921 1087 2967 Yorke
1112 2921 1235 2967 dicit
1258 2920 1395 2982 quod
1418 2922 1587 2967 omnia
1610 2922 1755 2968 bene.

432 2982 603 3028 Frater
647 2983 898 3043 Johannes
942 2985 1294 3044 Wynchestre,
1342 2984 1531 3030 dudum
1587 2985 1757 3041 abbas,
1805 2984 1928 3031 dicit
1981 2985 2040 3030 de
2094 2984 2349 3030 canonicis

304 3044 589 3091 bibentibus
612 3050 661 3091 et
684 3048 1064 3093 comedentibus
1086 3049 1137 3094 in
1160 3049 1374 3108 publicis
1396 3048 1618 3094 tabernis
1650 3049 1701 3093 in
1724 3048 1840 3094 villa
1871 3062 1986 3094 cum
2009 3048 2315 3094 secularibus
2337 3064 2347 3094 :

306 3107 557 3154 desiderat
579 3110 726 3168 igitur
750 3111 1118 3157 iniunccionem
1151 3111 1258 3157 fieri
1292 3111 1593 3158 facientibus
1625 3112 1719 3157 sub
1751 3126 1883 3171 pena
1915 3111 2347 3169 incarceracionis,

307 3186 420 3216 nam
444 3171 541 3218 hoc
564 3173 769 3231 exigunt
791 3175 1181 3221 constituciones
1205 3176 1408 3221 ordinis.

408 3283 421 3306 1
446 3285 483 3320 si
504 3285 717 3323 cancelled.

408 3333 425 3356 ²
451 3334 526 3371 Sic.

408 3384 423 3407 ³
453 3385 670 3423 Interlined
690 3387 815 3424 above
834 3389 973 3426 residet
990 3389 1206 3427 cancelled.

408 3436 424 3458 ⁴
450 3437 617 3485 quinque
635 3450 678 3485 eq
695 3438 913 3476 cancelled.

412 3486 425 3508 ⁵
453 3489 538 3526 The
557 3489 665 3526 word
686 3489 881 3527 Henricus
898 3491 1082 3530 followed
1100 3494 1333 3542 apparently
1353 3493 1403 3542 by
1420 3507 1438 3529 s
1457 3494 1488 3531 is
1506 3492 1708 3531 cancelled
1723 3493 1803 3543 just
1820 3494 1946 3531 above
1964 3493 2042 3531 this
2060 3498 2183 3542 entry.
2204 3484 2207 3486 ’

413 3578 424 3600 ¹
452 3578 539 3616 The
570 3589 727 3629 present
758 3581 984 3628 bell—tower,
1006 3595 1046 3619 at
1064 3582 1132 3619 the
1152 3593 1248 3620 west
1267 3583 1343 3621 end
1375 3584 1420 3621 of
1444 3584 1512 3621 the
1530 3597 1643 3627 nave,
1662 3597 1742 3621 was
1762 3585 1999 3634 apparently
2017 3583 2187 3634 entirely
2205 3584 2355 3623 rebuilt

309 3629 348 3666 in
370 3629 436 3666 the
460 3630 550 3675 17th
570 3641 735 3679 century
757 3642 765 3677 ;
795 3632 863 3668 but
894 3634 1089 3681 professor
1121 3634 1311 3671 Freeman
1345 3635 1548 3684 (Arclzoeol.
1568 3636 1816 3684 sournal1X‚
1839 3636 1997 3683 279-80)
2016 3648 2095 3673 was
2122 3636 2165 3673 of
2189 3636 2350 3685 opinion

308 3681 395 3717 that
414 3681 443 3717 it
463 3680 495 3718 is
514 3694 536 3717 a
554 3683 867 3719 reconstruction
888 3684 928 3720 of
955 3697 1003 3720 an
1024 3684 1136 3721 older
1154 3698 1241 3731 one,
1261 3686 1304 3722 of
1330 3686 1457 3723 which
1477 3688 1657 3735 portioris
1677 3687 1829 3724 remain
1849 3687 1887 3724 in
1907 3687 1950 3724 it.
2004 3687 2214 3737 Although
2242 3687 2353 3725 there

309 3743 401 3780 may
429 3732 530 3769 have
549 3733 651 3770 been
680 3733 894 3783 originally
911 3748 935 3771 a
953 3745 1075 3772 tower
1101 3736 1142 3772 of
1169 3749 1277 3774 some
1306 3746 1387 3774 sort
1414 3738 1540 3775 above
1559 3737 1627 3775 the
1646 3746 1827 3788 transept
1846 3737 2041 3787 crossing,
2061 3739 2141 3776 this
2166 3737 2246 3776 had
2273 3738 2355 3776 dis-

307 3782 617 3842 appearedqlong
638 3783 770 3822 before
790 3784 857 3822 the
875 3785 966 3823 date
985 3786 1027 3822 of
1043 3787 1123 3823 this
1142 3788 1361 3826 visitation.
1407 3789 1483 3827 See
1503 3788 1566 3827 Sir
1587 3788 1649 3828 W.
1670 3788 1725 3827 H.
1746 3789 1805 3828 St.
1829 3788 1934 3832 John
1955 3789 2106 3840 Hope’s
2124 3798 2294 3828 account
2311 3788 2353 3828 of

306 3833 372 3870 the
390 3833 536 3871 ehurcn
556 3848 596 3872 in
617 3833 992 3884 Archoeol.fiurnal
1007 3845 1141 3885 LXVH,
1163 3845 1249 3884 335.
