2488 4296
278 407 398 465 170
741 388 1232 447 ALNWICK’S
1314 388 1884 447 VISITATIONS

414 549 541 594 Item
568 547 691 593 dicit
713 546 850 608 quod
874 546 1159 592 cellerarius
1182 549 1398 606 occupat
1422 546 1640 592 officium
1664 547 1882 593 sacriste.

416 612 543 656 Item
567 611 689 656 dicit
711 609 849 671 quod
873 609 1027 655 frater
1050 610 1303 670 Johannes
1327 610 1614 656 Suttertone
1637 613 1850 669 occupat
1874 609 2038 656 officia
2074 609 2335 656 elemosin-

285 675 420 732 arie,¹
445 673 710 729 refectorii,
737 673 1090 727 subcellerarii,
1115 673 1360 732 capellani
1383 673 1686 732 parochialis
1705 676 1754 718 et
1772 674 1994 733 magistri
2011 673 2302 719 labinarum.

418 739 544 783 Item
569 737 691 782 dicit
714 735 851 797 quod
875 737 1012 795 prior
1035 739 1250 796 occupat
1273 736 1493 782 officium
1517 736 1808 798 coquinarii.

417 802 545 846 Item
591 800 713 845 dicit
757 799 894 860 quod
939 799 1232 858 parochiani
1277 799 1467 846 faciunt
1505 800 1795 846 oblaciones
1834 814 1947 845 suas
1986 799 2052 845 ad
2092 814 2339 845 summum

288 866 443 911 altare
467 864 517 908 in
542 863 699 909 choro
722 862 886 908 diebus
909 862 1291 923 offerendormn,²
1313 863 1607 909 incedentes
1626 866 1675 909 et
1694 863 1987 909 recedentes
2005 878 2096 922 per
2115 864 2339 909 medium

290 928 446 975 chori.

420 992 548 1036 Item
572 990 694 1036 dicit
717 989 854 1050 quod
879 1003 979 1035 non
1004 991 1079 1034 est
1106 991 1363 1049 prouisum
1399 988 1608 1036 infirmis
1645 989 1709 1035 de
1745 990 1956 1036 medicis
1991 992 2041 1035 et
2077 989 2343 1036 medicinis

292 1055 525 1114 expensis
549 1053 741 1099 domus.

423 1118 549 1163 Item
587 1117 709 1162 dicit
748 1116 885 1178 quod
934 1116 1181 1177 Hardyng
1224 1117 1461 1163 continue
1501 1119 1551 1163 et
1590 1117 1812 1162 extranei
1852 1119 1904 1162 vt
1943 1130 2036 1176 pro
2074 1131 2171 1162 vna
2209 1115 2345 1162 dieta

292 1181 470 1227 sedent
494 1182 545 1225 in
569 1179 838 1226 refectorio
874 1181 1004 1225 inter
1039 1181 1310 1227 canonicos
1346 1181 1396 1225 in
1437 1180 1804 1226 refeccionibus
1840 1181 1971 1236 suis;
2009 1182 2058 1225 et
2098 1179 2346 1239 Hardyng

291 1245 440 1290 soluit
464 1244 624 1289 solum
647 1245 761 1289 xxd.
786 1244 837 1288 in
862 1244 1140 1302 septimana
1163 1258 1256 1302 pro
1280 1258 1333 1289 se
1356 1244 1436 1290 uel
1461 1258 1562 1290 suo.

423 1309 550 1353 Item
575 1307 697 1352 dicit
720 1306 857 1368 quod
880 1307 1083 1367 artifioes
1105 1310 1147 1351 et
1171 1308 1445 1353 seruientes
1469 1307 1737 1352 familiares
1773 1306 2098 1352 commedunt
2122 1306 2272 1351 indies
2295 1306 2345 1351 in

291 1371 560 1417 refectorio
585 1385 809 1415 seorsum
833 1370 897 1415 ad
923 1384 1146 1415 mensam
1171 1374 1453 1430 separatam
1479 1373 1528 1416 et
1551 1370 1854 1416 inferiorem.

426 1433 540 1495 [Fo.
567 1432 708 1494 Soet]
783 1434 910 1479 Item
946 1433 1086 1479 dicit³
1119 1437 1319 1480 exercet
1357 1449 1527 1480 curam
1563 1435 1839 1480 animarum
1874 1433 2010 1492 apud
2047 1432 2347 1479 Northolme

293 1498 452 1544 solum
478 1513 539 1543 cx
563 1498 916 1542 commissione
941 1500 990 1542 et
1014 1498 1273 1556 posicione
1298 1498 1492 1556 prioris,
1512 1500 1562 1543 et
1581 1498 1762 1542 dicitur
1781 1497 1915 1558 quod
1934 1511 2059 1542 vnus
2078 1497 2348 1542 canonicus

292 1563 633 1607 institueretur
683 1561 872 1606 ibidem
927 1575 1017 1619 per
1072 1561 1380 1620 episcopum,
1428 1564 1478 1606 et
1522 1575 1671 1620 super
1717 1559 1815 1605 hoc
1858 1563 1910 1605 vt
1954 1561 2190 1606 asseritur
2235 1562 2349 1604 sunt

293 1625 555 1684 priuilegia
578 1624 870 1683 apostolica.
946 1624 1115 1669 Habet
1148 1625 1416 1670 terminum
1452 1624 1517 1669 ad
1555 1624 1896 1669 exhibendum
1931 1624 2193 1683 priuilegia
2227 1624 2350 1669 citra

299 1687 489 1734 Pascha
513 1702 602 1747 per
626 1703 723 1748 que
746 1691 954 1746 possunt
978 1687 1145 1732 facere
1170 1688 1410 1733 deseruiri
1436 1702 1554 1733 cure
1578 1702 1667 1747 per
1691 1688 1988 1733 canonicum
2012 1702 2170 1732 suum.

428 1752 601 1796 Frater
624 1751 847 1796 Thomas
874 1751 1131 1796 Feltwelle
1155 1751 1278 1797 dicit
1301 1751 1438 1812 quod
1457 1766 1519 1796 ex
1537 1750 1900 1797 consuetudine
1918 1751 2146 1796 canonici
2163 1752 2350 1796 stantes

297 1815 433 1874 apud
459 1814 759 1860 Northolme
783 1814 981 1859 stabant
1004 1814 1289 1860 adinuicem
1312 1816 1362 1859 in
1386 1815 1680 1870 communis,
1701 1816 1751 1859 et
1774 1814 1870 1859 iam
1897 1817 2010 1859 sunt
2033 1815 2084 1859 in
2107 1814 2350 1873 separatis

299 1879 423 1924 locis
460 1882 510 1924 et
545 1892 646 1923 non
684 1879 733 1922 in
770 1878 883 1923 loco
921 1878 1254 1923 habitacionis
1290 1893 1376 1924 sue
1412 1892 1505 1936 pro
1541 1879 1612 1923 eis
1647 1877 1889 1923 ordinate.
1931 1878 2240 1926 ‚Iniunctum
2277 1880 2352 1922 est

299 1943 454 2001 priori
478 1944 529 1987 vt
552 1941 817 2000 prouideat
839 1944 890 1986 vt
914 1941 1152 1987 decetero
1189 1944 1321 1987 stent
1356 1941 1501 1986 simul
1537 1942 1587 1986 in
1627 1955 1799 1986 mensa
1838 1941 1888 1985 in
1929 1940 2082 1986 domo
2121 1941 2352 1986 ordinata

299 2006 489 2051 ibidem
513 2019 605 2064 pro
642 2019 814 2050 eorum
851 2005 1224 2050 inhabitacione
1261 2006 1385 2050 citra
1420 2004 1604 2050 festum
1642 2004 1878 2050 Omnium
1914 2004 2223 2060 Sanctorum,
2259 2004 2351 2048 sub

299 2084 430 2128 pena
467 2068 695 2114 soluendi
730 2068 921 2114 fabrice
945 2068 1156 2114 ecclesie
1183 2068 1548 2114 Lincolniensis
1571 2067 1621 2113 xl
1643 2083 1672 2112 s.
1703 2067 1767 2113 de
1790 2069 2139 2113 communibus
2174 2068 2353 2113 domus

299 2133 458 2178 bonis.
527 2131 730 2192 (Videat
754 2132 986 2177 dominus
1011 2131 1074 2177 de
1098 2132 1402 2178 fundacione
1426 2131 1491 2177 de
1516 2131 1851 2190 Northolme.)

430 2196 556 2241 Item
582 2195 720 2240 dicit⁴
744 2195 1098 2241 subcellerario
1122 2198 1402 2255 occupante
1426 2195 1568 2254 plura
1591 2194 1756 2240 officia
1778 2198 1830 2239 vt
1854 2209 2015 2254 supra.

430 2259 557 2305 Item
582 2258 705 2304 dicit
739 2259 876 2320 quod
912 2258 1065 2303 frater
1101 2259 1354 2319 Johannes
1392 2258 1538 2304 Mace
1575 2261 1790 2317 occupat
1826 2257 1991 2304 officia
2027 2258 2269 2303 cellerarii
2304 2259 2353 2303 et

299 2324 505 2368 sacriste
530 2325 579 2367 et
602 2323 745 2381 ponit
768 2324 1042 2381 prouentus
1065 2323 1207 2367 Vnius
1231 2321 1382 2368 officii
1406 2322 1471 2367 ad
1495 2321 1644 2377 aliud,
1665 2336 1755 2381 per
1777 2322 1915 2382 quod
1938 2337 2089 2367 vnum
2114 2321 2352 2367 deterior-

299 2390 408 2431 atur
432 2389 481 2431 et
505 2385 639 2431 aliud
664 2386 964 2431 melioratur.

430 2450 557 2495 Item
582 2449 705 2494 dicit
728 2449 865 2510 quod
889 2450 1138 2508 pietancie
1163 2463 1222 2494 ex
1248 2448 1438 2494 dudum
1462 2450 1702 2494 consuete
1725 2449 1823 2494 iam
1847 2449 2051 2494 veniunt
2075 2449 2125 2494 in
2145 2447 2352 2494 dissuet-

297 2512 516 2558 udinem.
1770 2523 1772 2525 ·

430 2577 556 2621 Item
582 2575 704 2622 dicit
727 2576 865 2636 quod
889 2576 1099 2622 clericus
1124 2576 1336 2622 ecclesie
1361 2578 1434 2621 est
1458 2575 1749 2635 necgligens
1772 2576 1823 2621 in
1841 2575 2090 2635 pulsando
2107 2575 2172 2620 ad
2191 2575 2354 2631 horas,

299 2642 349 2685 et
372 2639 470 2685 hoc
495 2640 612 2700 quia
635 2641 841 2685 sacrista
866 2642 940 2684 est
964 2640 1173 2685 multum
1210 2640 1392 2685 absens
1414 2655 1443 2684 a
1468 2639 1620 2685 domo
1657 2640 1791 2686 circa
1827 2640 2108 2685 extrinseca
2146 2639 2357 2697 negocia

297 2706 351 2748 vt
374 2702 671 2759 cellerarius,
699 2705 748 2748 et
772 2703 889 2748 ideo
914 2717 1015 2749 non
1039 2703 1255 2748 intendit
1279 2702 1490 2748 ecclesie
1515 2716 1608 2748 nec
1633 2702 1799 2748 officio
1823 2703 2062 2748 sacristie.

430 2767 557 2812 Item
595 2766 718 2812 dicit
754 2766 891 2827 quod
928 2768 1055 2812 ostia
1079 2767 1304 2823 ecclesie,
1331 2766 1531 2811 claustri
1556 2768 1605 2812 et
1630 2766 1909 2812 dormitorii
1933 2780 2034 2811 non
2059 2764 2357 2812 clauduntur

301 2831 351 2875 et
373 2830 662 2888 aperiuntur
685 2830 996 2889 temporibus
1033 2830 1294 2889 oportunis
1330 2832 1380 2875 et
1416 2830 1663 2888 congruis,
1701 2844 1818 2875 nam
1853 2829 1990 2889 prior
2025 2829 2154 2888 gerit
2188 2828 2357 2874 claues

297 2893 505 2938 istorum
529 2894 784 2939 ostiorum.

429 2956 557 3002 Item
602 2956 726 3003 dicit
770 2956 908 3018 quod
952 2955 1270 3003 camerarius⁵
1309 2956 1490 3016 prioris
1534 2956 1664 3002 iacet
1705 2956 1769 3002 de
1810 2958 1959 3003 nocte
1999 2955 2129 3002 infra
2169 2955 2357 3001 dormi-

298 3019 494 3065 torium.

430 3083 603 3130 Frater
626 3083 850 3130 Thomas
875 3083 1103 3144 Blytone,
1129 3086 1397 3143 precentor
1422 3086 1472 3129 et
1496 3086 1728 3143 receptor
1764 3082 2034 3142 hospitum,
2061 3082 2185 3128 dicit
2219 3081 2357 3143 quod

297 3145 508 3191 clericus
531 3147 744 3193 ecclesie
768 3150 843 3194 est
866 3147 1145 3209 aliqualiter
1170 3147 1458 3208 necgligens
1482 3149 1532 3193 et
1555 3147 1702 3192 nimis
1726 3147 1962 3192 remissus
1979 3146 2030 3191 in
2051 3145 2217 3192 officio
2238 3159 2355 3202 suo3

297 3210 348 3254 in
373 3211 553 3256 ceteris
578 3210 700 3256 dicit
724 3212 893 3257 omnia
917 3211 1060 3258 bene.

399 3320 413 3344 ¹
441 3321 535 3359 Sic:
562 3322 744 3371 possibly
772 3325 1031 3361 elemosinarie
1060 3325 1139 3362 and
1167 3325 1358 3372 refectorii
1383 3336 1482 3361 were
1500 3324 1657 3361 written
1677 3322 1891 3371 carelessly
1909 3322 1970 3359 for
1988 3323 2250 3359 elemosinarii
2273 3320 2352 3358 and

297 3373 564 3421 refectorarii;
594 3373 664 3409 but
683 3373 751 3410 the
773 3373 862 3412 MS.
884 3387 1090 3424 preserves
1110 3388 1162 3412 no
1181 3375 1264 3414 rule
1285 3388 1333 3413 on
1355 3375 1435 3412 this
1453 3376 1567 3425 point
1587 3375 1664 3412 and
1686 3387 1788 3421 uses,
1807 3385 1905 3423 e.g.,
1926 3373 2086 3422 officimn
2104 3375 2258 3410 sacriste
2273 3372 2350 3408 and

295 3435 315 3460 o
343 3425 453 3460 tct'um
474 3425 645 3460 sacris-tie
664 3424 1035 3474 indiscriminately.

400 3473 416 3496 2
444 3475 658 3513 Interlined
677 3478 803 3514 above
822 3478 1020 3526 aliquibus
1038 3478 1277 3515 oblacionum
1298 3478 1512 3516 cancelled.

400 3524 415 3547 3
444 3525 532 3563 Sic:
562 3529 667 3575 quod
687 3527 864 3565 omitted.

400 3575 416 3598 ⁴¹
444 3576 534 3615 Sic:
563 3580 606 3614 de
633 3578 812 3616 omitted.

402 3626 418 3650 ⁵
445 3629 545 3666 iacet
560 3629 774 3667 cancelled.

406 3708 419 3732 ²
449 3710 527 3747 For
556 3711 692 3748 labina
719 3723 784 3749 see
814 3725 852 3761 p.
874 3722 921 3760 32
951 3713 1088 3757 above,
1107 3719 1200 3751 note
1232 3722 1266 3762 5.
1335 3713 1433 3751 This
1462 3713 1678 3751 somewhat
1707 3712 1871 3750 unusual
1893 3715 1901 3731 ‘
1918 3710 2133 3748 obedience
2149 3710 2158 3727 ⁹
2179 3711 2210 3747 is
2236 3709 2356 3759 easily

305 3760 513 3809 explained
535 3762 586 3810 by
606 3762 672 3800 the
691 3763 863 3811 position
882 3763 926 3800 of
940 3764 1006 3800 the
1027 3764 1156 3814 priory
1171 3765 1211 3802 in
1230 3765 1297 3802 the
1311 3765 1395 3802 fens
1413 3765 1591 3802 between
1611 3765 1678 3801 the
1696 3763 1869 3802 Cardike
1886 3763 1964 3800 and
1984 3763 2050 3799 the
2071 3762 2260 3805 Witham,
2276 3762 2354 3798 and

303 3823 356 3850 on
387 3812 454 3849 the
485 3813 585 3866 edge
614 3813 659 3850 of
684 3813 751 3851 the
782 3821 892 3868 great
921 3827 1092 3865 expanse
1119 3817 1163 3853 of
1193 3816 1370 3855 Holland
1402 3816 1483 3863 sen,
1513 3815 1642 3855 which
1671 3814 1826 3855 bounds
1854 3814 1922 3852 the
1949 3813 2052 3869 right
2080 3813 2186 3850 bank
2217 3812 2262 3850 of
2288 3812 2355 3854 the
