2488 4296
277 385 398 442 128
750 382 1236 440 ALNWICK’S
1318 382 1882 442 VISITATIONS

276 540 485 588 dictum¹
508 541 794 601 prioratum,
815 539 993 586 eadem
1017 538 1174 584 soror²
1198 539 1495 598 Margareta,
1521 553 1633 586 cum
1651 540 1936 587 huiusmodi
1954 541 2130 587 litteris
2146 541 2212 587 ad
2228 556 2318 589 vos

275 604 538 660 accedens,
561 604 823 650 licenciam
847 602 1094 662 migrandi
1118 602 1184 648 ad
1208 602 1398 648 dictum
1421 604 1695 662 prioratum
1730 607 1900 651 sancte
1941 605 2224 663 Margarete
2257 620 2318 652 ac

277 681 331 714 se
365 668 431 714 ab
466 667 764 714 obediencia
797 667 940 712 vobis
970 666 1206 725 priorisse
1230 666 1400 712 debita
1422 666 1615 712 absolui
1638 668 1859 726 pecierit,
1884 681 1986 723 VOS,
2010 669 2246 727 priorissa
2269 671 2318 715 et

277 734 554 778 conuentus
578 730 642 776 de
665 729 947 776 Gracedieu
971 729 1211 788 predicta,
1237 730 1424 775 bonum
1445 730 1605 775 zelum
1638 744 1698 776 ac
1732 731 1969 776 deuotum
2004 732 2315 791 propositum

276 794 470 855 prefate
493 794 677 840 sororis
704 793 986 852 Margarete
1010 794 1213 838 minime
1235 792 1567 849 attendentes,
1593 792 1876 840 huiusmodi
1910 795 2171 841 licenciam
2205 795 2317 841 sibi³

277 858 557 905 concedere
580 859 664 902 aut
687 871 797 902 earn
819 856 885 902 ab
907 856 1206 902 obediencia
1229 856 1514 902 huiusmodi
1532 857 1793 904 absoluere
1812 857 2108 917 denegastiS,
2128 858 2317 904 litteras

277 919 580 967 huiusmodi⁴
627 919 721 965 sibi
766 933 856 979 per
901 919 1086 965 dictam
1131 921 1420 979 priorissam
1463 923 1514 966 et
1557 924 1858 967 conuentum
1915 921 2093 967 domus
2147 926 2318 969 sancte

279 985 562 1043 Margarete
584 982 811 1043 predicte
835 997 1099 1029 concessas
1122 982 1405 1029 auferentes
1427 983 1492 1029 ab
1515 982 1694 1029 eadem
1711 984 1934 1031 indebite
1953 988 2002 1031 et
2020 985 2318 1032 detinentes.

276 1048 387 1108 Quo
421 1049 554 1094 circa
587 1047 902 1107 permissum⁶
934 1046 1061 1092 fore⁶
1100 1046 1477 1093 considerantes
1517 1048 1567 1092 in
1609 1047 1708 1093 hoc
1731 1062 1849 1093 casu
1872 1049 2008 1094 iuxta
2047 1050 2317 1095 canonicas

276 1112 569 1158 sancciones
613 1111 770 1170 ipsam
818 1125 847 1156 a
891 1111 1083 1156 minore
1128 1110 1370 1169 religione
1413 1110 1479 1156 ad
1529 1111 1768 1157 maiorem
1819 1126 1967 1157 causa
2011 1112 2216 1158 arcioris
2258 1127 2317 1159 ac

276 1175 491 1221 durioris
525 1174 638 1229 vite,
676 1173 953 1220 dummodo
987 1173 1193 1219 infamia
1227 1174 1328 1219 aut⁷
1361 1175 1550 1220 iactura
1583 1174 1697 1234 ipsi⁸
1728 1178 1895 1220 vestro
1923 1176 2164 1234 prioratui
2199 1176 2318 1222 inde

274 1252 374 1284 non
398 1238 585 1284 oriatur
607 1241 692 1283 aut
715 1237 1097 1299 quomodolibet
1130 1238 1473 1298 subsequatur,
1500 1252 1648 1296 posse
1673 1238 1904 1296 migrare⁹
1938 1241 1986 1284 et
2033 1239 2316 1295 conuolare,

275 1302 419 1347 vobis
462 1300 668 1347 firmiter
712 1301 1015 1360 iniungimus
1060 1304 1109 1346 et
1153 1302 1450 1347 mandamus
1499 1301 1744 1362 quatinus,
1790 1301 1856 1346 ad
1911 1301 2126 1347 statum¹⁰
2169 1303 2318 1348 visis¹¹

274 1365 603 1425 presentibus,
629 1365 819 1410 litteras
842 1379 965 1426 quas
998 1364 1063 1410 ab
1098 1364 1276 1410 eadem
1300 1379 1472 1411 sorore
1499 1364 1819 1423 Margareta¹²
1848 1365 2122 1411 abstulistis
2150 1367 2315 1418 eidem

275 1426 647 1482 restituentes,13
670 1443 781 1474 eam
805 1443 918 1474 cum
942 1431 1106 1474 vestra
1127 1428 1339 1474 licencia
1363 1429 1455 1473 sub
1478 1428 1656 1474 litteris
1689 1429 1942 1474 communi
1966 1430 2317 1490 vestroisigillo

276 1493 513 1551 sigillatis,
551 1491 617 1537 ad
652 1493 926 1551 prioratum
963 1494 1134 1538 sancte
1173 1491 1455 1551 Margarete
1490 1491 1729 1551 predicte,
1764 1493 1814 1537 in
1850 1507 1967 1538 casu
1989 1507 2090 1554 quo
2112 1494 2318 1539 arcioris

275 1556 423 1601 fuerit
446 1556 715 1614 religionis,
722 1555 754 1584 1⁴
772 1556 982 1601 transire
999 1554 1156 1601 libere
1174 1569 1262 1614 pet
1267 1556 1486 1611 mittatis,
1506 1559 1589 1601 aut
1607 1569 1698 1601 nos
1720 1570 1874 1617 quare
1891 1570 2001 1602 eam
2020 1556 2092 1602 sic
2107 1557 2318 1604 transire

275 1620 564 1691 permittere
588 1633 688 1665 non
713 1618 965 1665 debiatis¹⁵
985 1619 1170 1664 curetis
1197 1618 1358 1665 citra¹⁶
1379 1618 1562 1665 festum
1596 1618 1963 1678 purificacionis
1987 1620 2133 1667 beate
2158 1620 2317 1667 Marie

274 1683 479 1742 virginis
502 1683 728 1742 proxime
762 1682 982 1728 futurum
1017 1681 1293 1729 certificare
1329 1683 1580 1728 autentice
1616 1686 1665 1728 et
1700 1683 1992 1730 cerciorare.
2062 1683 2193 1730 Data
2224 1685 2317 1730 sub

274 1747 437 1806 sigillo
460 1749 632 1792 nostro
655 1746 720 1792 ad
744 1760 918 1792 causas
940 1747 990 1791 in
1015 1749 1178 1792 castro
1202 1749 1373 1792 nostro
1397 1746 1462 1792 de
1480 1745 1678 1792 Sleford
1702 1746 2004 1793 duodecimo
2028 1747 2110 1793 die
2134 1749 2319 1794 mensis

273 1810 506 1872 Januarij,
549 1824 683 1856 anno
730 1810 932 1856 Domini
979 1809 1292 1870 mccccxlvjw
1335 1813 1714 1872 nostrarumque
1751 1811 2149 1868 consecracionis
2184 1826 2317 1858 anno

274 1874 512 1920 vicesimo
535 1874 698 1933 primo
723 1876 772 1919 et
795 1873 1141 1919 translacionis
1165 1873 1461 1919 vndecimo.’

404 1937 521 1983 Post
545 1951 752 1999 quarum
776 1937 980 1999 quidem
1002 1936 1277 1982 litterarum
1301 1937 1687 1983 reuerendarum
1707 1938 2056 1996 recepcionem
2074 1940 2124 1984 et
2147 1952 2316 1984 earum

275 2001 649 2060 inspeccionem
673 2000 965 2059 diligentem
988 2004 1151 2047 vestre
1175 2001 1461 2060 paternitati
1485 2000 1798 2046 notificamus
1822 2002 1969 2062 quod*
1986 2003 2175 2048 litteras
2208 2003 2317 2048 illas

274 2065 325 2110 in
349 2065 524 2111 vestris
547 2064 724 2112 litteris
747 2064 1036 2110 reuerendis
1064 2063 1155 2125 [fo.
1183 2063 1307 2125 69d]
1338 2065 1617 2110 nominatas
1652 2067 1701 2110 et
1737 2079 1826 2123 per
1863 2065 2023 2111 dictas
2060 2065 2315 2111 dominam

274 2128 562 2188 priorissam
597 2131 648 2174 et
683 2130 986 2174 conuentum
1022 2128 1270 2187 prioratus
1306 2128 1593 2174 monialium
1633 2131 1803 2174 sancte
1844 2128 2140 2188 Margarete,
2181 2129 2315 2175 dicte

274 2195 438 2238 vestre
495 2192 724 2246 diocesiS,
776 2191 992 2238 directas
1036 2191 1183 2237 nobis
1221 2191 1504 2251 specialiter
1543 2205 1636 2250 pro
1675 2194 1817 2250 parte
1857 2191 1991 2238 dicte
2033 2191 2313 2251 Margarete

276 2255 470 2311 Crosse,
524 2255 870 2301 commonialis
923 2258 973 2301 et
1024 2255 1308 2301 consororis
1347 2257 1529 2310 nostre,
1570 2253 1910 2314 perferendas,
1948 2257 2001 2300 vt
2040 2269 2100 2301 ex
2140 2258 2314 2301 tenore

274 2319 545 2365 earundem
568 2319 759 2380 liquere
782 2318 944 2364 valeat
966 2319 1191 2372 intuenti,
1217 2332 1317 2364 non
1341 2318 1633 2364 abstulimus
1656 2319 1721 2364 ab
1745 2318 1936 2373 eadem,
1961 2318 2052 2365 sed
2077 2322 2313 2380 tanquam

274 2386 470 2428 nostras
493 2383 722 2442 proprias
744 2382 934 2428 litteras
957 2382 1329 2441 acceptauimus
1352 2395 1444 2441 pro
1466 2384 1609 2441 parte
1642 2381 1777 2427 dicte
1815 2381 2097 2441 Margarete
2134 2382 2314 2428 Crosse

275 2447 421 2492 nobis
443 2445 637 2492 oblatas
660 2460 748 2491 sua
781 2448 1059 2505 spontanea
1093 2445 1348 2491 voluntate
1384 2459 1473 2504 per
1509 2459 1602 2490 nos
1637 2445 1688 2490 in
1723 2445 1860 2490 salua
1894 2445 2123 2491 custodia
2157 2446 2312 2504 possi-

273 2509 483 2556 dendas.
555 2509 787 2566 Preteria,
793 2508 827 2537 ²⁷
862 2509 1138 2556 reuerende
1161 2509 1211 2554 in
1249 2508 1451 2554 Christo
1486 2511 1627 2568 pater
1660 2508 1901 2567 predicte,
1923 2507 2040 2554 licet
2069 2509 2316 2567 prioratus

276 2572 564 2620 monialium
588 2576 759 2620 sancte
785 2573 1068 2633 Margarete
1091 2572 1320 2644 predicte
1342 2572 1613 2619 striccioris
1636 2585 1745 2618 esse
1768 2572 2021 2631 religionis
2047 2574 2096 2618 et
2112 2571 2314 2618 obseru-

273 2638 417 2684 ancie
439 2639 700 2692 asseratur,
725 2637 862 2699 quod
885 2640 1052 2683 tamen
1077 2638 1149 2682 sic
1172 2650 1281 2682 esse
1305 2649 1405 2681 non
1424 2634 1659 2682 concedit
1676 2649 1791 2695 pars
1810 2638 1992 2691 nostra,
2011 2634 2102 2681 sed
2119 2635 2316 2695 penitus

276 2701 528 2747 duriorem
552 2700 642 2747 sed
664 2703 717 2746 vt
739 2701 893 2747 vitam
917 2700 1069 2746 ducat
1090 2700 1332 2746 laxiorem
1355 2698 1608 2745 diffitetur.
1614 2698 1646 2724 ²⁸
1662 2699 1829 2745 Dicta
1846 2702 2012 2745 tamen
2033 2699 2316 2758 Margareta

275 2764 469 2820 Crosse,
493 2779 524 2810 a
547 2767 718 2810 nostro
743 2766 966 2824 prioratu
988 2764 1053 2810 ad
1077 2764 1268 2810 dictum
1291 2763 1565 2822 prioratum
1599 2766 1770 2808 sancte
1807 2762 2104 2822 Margarete,
2129 2777 2231 2808 non
2263 2765 2317 2808 vt

275 2828 428 2874 vitam
472 2828 678 2874 omnino
722 2842 782 2874 ac
837 2828 1036 2887 penitus
1069 2827 1335 2882 duriorem,
1382 2826 1472 2873 sed
1526 2825 1630 2872 ad¹⁹
1670 2827 1823 2872 vitam
1868 2826 2018 2872 ducat
2061 2826 2315 2883 laxiorem,

273 2892 554 2938 temeritate
577 2890 793 2953 quadam
817 2891 896 2938 vel
917 2891 1123 2937 leuitate
1146 2905 1233 2937 seu
1256 2890 1432 2936 saltem
1455 2888 1733 2936 affeccione
1767 2890 1952 2936 carnali
1988 2890 2039 2935 in
2075 2890 2316 2936 iacturam

273 2955 353 3001 vel
389 2954 645 3001 infamiam
682 2956 837 3002 nostri
871 2956 1118 3014 prioratus
1141 2954 1381 3000 antedicti
1406 2953 1660 3000 desiderat
1682 2968 1737 3000 se
1758 2953 2028 3010 transferri,
2054 2954 2316 3013 presertim

275 3032 389 3065 cum
412 3020 463 3064 in
487 3025 658 3065 nostro
681 3020 905 3078 prioratu
927 3018 1204 3065 secundum
1227 3018 1580 3064 obseruancias
1603 3017 1855 3076 regulares
1880 3017 1990 3064 Deo
2023 3017 2234 3064 seruitur
2267 3019 2318 3063 et

273 3082 457 3128 chorus
479 3082 730 3141 regulatur
751 3085 854 3129 tam
875 3082 1092 3142 legendo
1115 3096 1265 3143 quam
1288 3081 1517 3128 canendo
1539 3084 1590 3127 et
1613 3080 1987 3128 salmodizando
2010 3095 2069 3126 ac
2091 3080 2142 3125 in
2171 3081 2316 3126 vinea

376 3193 389 3218 ²
415 3207 549 3232 eorum
568 3194 739 3233 inserted
757 3195 863 3239 here,
885 3196 938 3233 fo.
959 3195 1022 3243 69.

373 3245 391 3268 2
415 3257 535 3291 soror,
559 3246 724 3284 omitted
746 3246 798 3284 fo.
818 3247 879 3294 69.

374 3296 390 3320 ³
415 3298 493 3334 sibi
510 3298 725 3339 licenciam,
748 3298 798 3335 fo.
819 3299 883 3345 69.

373 3347 389 3371 4
414 3348 645 3386 huiusmodi
663 3350 829 3395 litteras,
852 3351 902 3387 fo.
923 3358 983 3396 72.

374 3399 389 3422 ⁵
409 3401 661 3449 premissum,
685 3399 737 3437 fo.
757 3401 821 3448 69.

375 3449 498 3576 {sore
515 3450 696 3540 οὲηἰῑὲεά,
717 3451 768 3489 fo.
795 3460 857 3499 72

420 3515 516 3548 tam,
552 3515 577 3540 ο
639 3511 664 3548 9

375 3551 496 3603 Sipsi
519 3553 700 3596 omitted.
718 3553 768 3591 fo.
789 3561 849 3600 72.

373 3603 390 3627 ⁹
417 3617 590 3648 mafrare
599 3611 722 3654 posse
745 3604 794 3642 fo.
816 3612 878 3652 72.

355 3653 386 3678 ¹⁰
411 3657 504 3694 Sic.
532 3656 591 3694 sor
619 3655 834 3693 adstatim.
891 3655 1085 3702 Omitted,
1109 3657 1161 3694 fo.
1184 3657 1249 3704 69.

357 3706 386 3730 ¹¹
413 3709 526 3751 vitis,
546 3707 598 3745 fo.
620 3707 681 3755 69.

357 3755 389 3780 ¹²
413 3770 539 3796 sorore
560 3760 789 3806 Margareta
807 3757 988 3803 omitted,
1017 3758 1070 3796 fo.
1089 3759 1154 3809 69.

358 3807 389 3834 ¹⁸
414 3811 585 3848 ndentes
606 3810 706 3859 (sie),
726 3809 779 3847 fo.
799 3809 864 3857 69.
