2488 4296
327 440 401 509 67
777 429 1266 489 ALNWICK’S
1347 426 1914 485 VISITATI-ONS

328 590 560 646 futurum,
586 588 679 635 sub
701 602 833 647 pena
855 586 1129 632 amocionis
1153 587 1202 630 et
1234 583 1396 629 finalis
1427 582 1731 642 priuacionis
1753 582 1904 627 vestri
1929 583 1979 628 et
2002 582 2076 628 sui
2099 582 2164 628 ab
2189 581 2369 640 officio,

328 656 459 699 statu
493 655 542 698 et
577 652 818 711 dignitate
852 648 1152 703 huiusmodi,
1189 662 1252 693 ne
1285 647 1450 707 aliqua
1483 645 1648 701 feoda,
1686 645 1931 701 corrodia,
1965 645 2214 702 liberatas,
2251 660 2370 706 pen-

329 717 494 762 siones
527 717 611 760 aut
643 713 880 759 annuales
914 712 1142 757 redditus
1175 711 1555 771 quibuscunque
1589 709 1817 767 personis
1850 708 1915 754 ad
1945 710 2137 754 certum
2159 712 2371 769 tempus,

327 780 593 825 terminum
627 778 717 822 vite
750 775 828 821 vel
861 776 1229 834 imperpetuum
1264 772 1568 828 concedatiS,
1604 771 1834 816 vendatis
1868 771 1948 817 vel
1992 772 2191 818 donetis
2221 790 2231 829 ;
2277 787 2373 818 nec

329 855 533 887 nemora
567 841 647 886 vel
681 853 878 898 grossas
914 838 1118 883 arbores
1156 835 1490 897 quouismodo
1526 834 1758 880 vendatis
1791 837 1876 879 aut
1910 836 2252 894 prosternatis,
2278 836 2373 881 nisi

329 905 488 950 solum
511 903 576 949 ad
599 902 779 948 focalia
802 901 1083 947 necessaria
1107 903 1156 946 et
1179 899 1530 959 reparaciones
1554 899 1861 944 necessarias
1883 897 2156 955 faciendas,
2181 899 2373 960 absque

330 968 485 1013 nostri
506 966 585 1011 vel
609 979 952 1011 successorum
987 966 1284 1019 nostrorum,
1311 962 1666 1022 episcoporum
1699 961 2118 1019 Lincolniensim-n,
2142 961 2373 1008 licencial

329 1031 484 1090 petita
520 1032 570 1075 et
605 1029 824 1084 obtenta,
862 1030 912 1072 et
948 1028 1107 1073 eciam
1143 1026 1207 1072 de
1242 1039 1490 1071 consensu
1524 1025 1725 1070 maioris
1759 1027 1810 1070 et
1843 1026 2054 1071 sanioris
2075 1026 2232 1085 partis
2254 1039 2371 1071 con-

329 1096 505 1139 uentus
528 1092 756 1151 predicti.

457 1156 689 1202 Ceterum
711 1158 764 1200 vt
786 1152 1082 1212 temporalia
1098 1155 1264 1198 vestra
1281 1152 1346 1198 ad
1364 1151 1516 1197 vestri
1539 1150 1863 1198 commodum
1879 1152 2046 1197 Vtilius
2064 1151 2374 1211 dirigantur,²

330 1218 394 1264 de
418 1218 874 1277 circumspeccione
899 1220 948 1262 et
971 1216 1215 1261 industria
1239 1215 1341 1272 tui‚³
1363 1214 1529 1260 fratris
1562 1215 1764 1260 Ricardi
1788 1214 2058 1262 Watforde
2081 1215 2371 1276 supprioris,

330 1282 473 1327 nobis
490 1281 554 1326 ad
573 1281 670 1326 hoc
690 1295 780 1340 per
798 1283 1101 1326 conuentum
1120 1279 1375 1334 nominati,
1394 1277 1722 1335 confidentes,
1744 1277 1846 1323 tibi*
1868 1293 2071 1325 omnem
2095 1281 2144 1325 et
2166 1279 2373 1325 totalem

328 1345 818 1390 administracionem
856 1343 1209 1402 temporalium
1251 1341 1528 1388 eorundem
1569 1342 1926 1388 committimus
1965 1357 2055 1402 per
2098 1340 2375 1402 presentes⁴

335 1407 403 1468 [et
427 1406 597 1467 totam]
627 1406 1150 1467 adminis[tracionem]
1190 1405 1420 1452 bonorum
1446 1402 1765 1467 [huiusmodi]
1790 1406 1997 1451 durante
2033 1404 2375 1467 [s]uspensione

333 1470 471 1531 [pre]
496 1471 623 1515 dicta
646 1471 702 1515 de
725 1485 944 1516 consensu
969 1468 1062 1530 [et]
1087 1469 1416 1514 nominacione
1432 1468 1632 1528 prefatis
1659 1467 1997 1530 [c]o⁷'zfidimus
2013 1473 2054 1515 et
2077 1468 2262 1530 cre[di]
2272 1484 2375 1514 mus

331 1534 450 1590 tibi‚⁶
473 1534 764 1593 im'zmgentes
787 1537 836 1579 et
859 1533 1149 1578 ordinantes
1171 1536 1224 1578 vt
1246 1547 1398 1578 vnum
1420 1531 1623 1578 fidelem
1647 1535 1697 1578 et
1731 1531 2005 1578 discretum
2029 1532 2093 1578 de
2116 1547 2372 1579 common-

328 1597 484 1643 achis⁷
528 1597 649 1643 dicti
695 1598 955 1656 prioratus,
1003 1610 1095 1656 pro
1140 1610 1239 1657 quo
1286 1595 1594 1655 respondere
1638 1595 1867 1652 volueriS,
1913 1597 2004 1642 tibi
2059 1597 2278 1656 accipias
2321 1596 2372 1642 in

329 1660 622 1717 adiutorem,
648 1661 730 1721 qui
757 1661 987 1719 expensis
1021 1661 1236 1721 coquine
1271 1662 1321 1705 et
1354 1659 1541 1719 cellarij
1578 1660 1734 1718 presit
1767 1662 1817 1704 et
1851 1674 1936 1705 eas
1968 1659 2290 1719 superuideat
2323 1662 2374 1706 et

329 1724 420 1769 tibi
444 1725 579 1769 omni
613 1725 891 1783 septimana
916 1723 979 1769 de
1004 1724 1236 1782 expensis
1269 1722 1556 1768 huiusmodi
1590 1722 1806 1768 fideliter
1840 1723 1933 1769 sub
1966 1723 2248 1769 iuramento
2281 1737 2373 1770 suo

329 1801 498 1833 coram
521 1788 688 1846 priore
711 1791 761 1832 et
784 1789 1035 1833 conuentu
1058 1801 1148 1846 per
1171 1801 1285 1832 eum
1310 1786 1584 1846 prestando
1607 1788 1880 1846 computet.
1947 1787 2138 1849 Tuque,
2157 1801 2371 1846 prouen-

327 1853 406 1896 tus
428 1851 675 1910 prioratus
707 1852 758 1895 in
792 1851 1004 1909 pecunia
1038 1851 1299 1910 recipiens,
1326 1864 1412 1895 eos
1447 1849 1643 1896 duobus
1677 1851 1914 1896 bursariis
1946 1865 2037 1910 per
2070 1851 2290 1910 priorem
2323 1852 2374 1897 et

329 1916 632 1960 conuentum
654 1914 719 1959 ad
744 1914 841 1960 hoc
866 1913 1109 1973 eligendis
1133 1928 1223 1973 per
1245 1913 1381 1959 tallia
1404 1913 1483 1959 vel
1516 1914 1808 1960 indenturas
1841 1913 2025 1960 liberes
2053 1913 2170 1975 [Fo.
2194 1912 2283 1975 90]
2321 1914 2373 1960 in

328 1991 425 2022 vna
460 1978 583 2023 cista
617 1978 709 2022 sub
744 1978 902 2023 tribus
939 1978 1120 2023 seruris
1156 1977 1340 2023 claues⁸
1384 1976 1695 2023 diuersarum
1738 1977 2012 2024 formarum
2056 1977 2372 2037 habentibus,

328 2055 536 2102 quarum
559 2040 772 2086 clauium
802 2055 949 2086 Vnam
985 2041 1169 2086 habeat
1202 2041 1353 2100 prior,
1378 2040 1528 2086 aliam
1561 2044 1628 2098 tu,
1654 2042 1900 2100 supprior,
1926 2044 1976 2088 et
2009 2041 2217 2088 terciam
2249 2056 2375 2087 vnus

329 2103 579 2150 confrater
612 2119 702 2163 per
735 2107 1039 2150 conuentum
1074 2104 1275 2162 electuS,
1301 2104 1623 2163 reponendos
1657 2107 1708 2150 et
1741 2119 1831 2164 per
1876 2104 2083 2152 eosdem
2123 2105 2375 2151 bursarios

327 2181 417 2226 per
439 2167 618 2212 similia
651 2168 786 2213 tallia
820 2168 899 2213 vel
933 2167 1225 2214 indenturas
1258 2168 1619 2225 reliberandos‚
1656 2168 1933 2215 dummodo
1968 2169 2061 2214 sub
2094 2169 2374 2215 iuramento

326 2234 412 2276 tuo
436 2231 486 2276 in
513 2230 608 2276 hac
630 2234 772 2290 parte
796 2231 993 2290 prefato
1011 2231 1215 2290 plenum
1234 2234 1285 2277 et
1308 2231 1513 2291 planum
1538 2234 1830 2291 compotum
1849 2231 1914 2279 de
1932 2232 2375 2278 administracione

328 2296 426 2350 tua,
452 2294 691 2355 quociens
723 2294 876 2340 fueris
910 2309 1130 2354 congrue
1163 2296 1444 2357 requisituS,
1470 2295 1617 2341 nobis
1650 2295 1730 2341 vel
1763 2296 1844 2342 cui
1878 2296 2229 2342 mandabimus
2261 2295 2374 2342 red-

330 2357 451 2403 dere
474 2358 702 2404 tenearis.
1131 2404 1134 2407 .

457 2421 584 2466 Item
617 2421 918 2481 iniungimus
952 2425 1002 2467 et
1035 2422 1332 2468 mandamus
1366 2423 1459 2468 sub
1492 2423 1637 2481 penis
1672 2423 2214 2469 excommunicacionis
2236 2424 2372 2469 ante-

328 2483 463 2529 dicte
484 2484 627 2530 vobis
650 2485 892 2531 Vniuersis
917 2488 966 2530 et
989 2486 1194 2544 singulis
1217 2487 1534 2546 presentibus
1557 2489 1607 2532 et
1637 2486 1815 2532 futuris
1848 2490 1901 2533 vt
1933 2501 2084 2533 canes
2117 2487 2374 2533 venaticos

327 2550 500 2605 vtpote
522 2547 797 2606 leporarios
820 2549 926 2594 siue
949 2548 1316 2606 odorincecos,⁹
1338 2553 1424 2595 aut
1457 2549 1726 2596 alienorum
1752 2565 1891 2610 equos
1914 2551 1964 2596 in
1990 2550 2127 2596 dicto
2151 2551 2374 2610 prioratu

326 2610 584 2669 sumptibus
606 2611 773 2657 domus
796 2612 1063 2658 nullatinus
1086 2614 1299 2659 teneatis
1322 2616 1407 2659 aut
1430 2613 1657 2669 foueatis,
1684 2613 1775 2659 sed
1805 2613 1880 2674 [et
1905 2613 2017 2675 eos]
2057 2615 2142 2676 qui
2176 2615 2227 2659 in
2261 2628 2371 2673 pre-

327 2674 454 2719 senti
494 2676 606 2718 sunt
649 2675 838 2721 ibidem
883 2676 1082 2734 penitus
1127 2677 1388 2736 expellatis
1419 2695 1427 2733 ;
1479 2676 1719 2738 quodque
1763 2677 2044 2737 fragmenta
2088 2692 2372 2724 mensarum

327 2739 599 2782 vestrarum
618 2738 809 2797 integre
829 2739 941 2785 colli
946 2739 1030 2798 gi²⁰
1046 2742 1096 2785 et
1113 2740 1242 2786 inter
1258 2755 1504 2800 pauperes
1518 2741 1709 2802 absque
1723 2755 2051 2800 personarum
2068 2741 2373 2801 accepcione

329 2803 466 2845 extra
489 2804 658 2859 portas
682 2802 942 2848 interiores
967 2802 1088 2849 dicti
1112 2804 1361 2863 prioratus
1383 2803 1599 2849 fideliter
1623 2804 1853 2850 distribui
1876 2804 2086 2851 faciatis.

453 2863 841 2911 Absolucionem
874 2880 994 2912 vero
1028 2867 1250 2912 omnium
1286 2870 1335 2913 et
1369 2867 1676 2926 singulorum
1711 2869 1795 2930 qui
1829 2866 2135 2929 pref[atam]
2174 2869 2370 2913 senten-

327 2925 455 2970 ciam
480 2930 1017 2975 excommunicacionis
1039 2931 1338 2977 incurrerint
1362 2945 1566 2992 quoquo
1589 2931 1744 2977 modo
1762 2932 1908 2977 nobis
1927 2935 1976 2977 et
1999 2930 2372 2977 successoribus

329 2990 522 3046 nostriS,
548 2991 799 3050 episcopis
825 2993 1260 3040 Lincolniensibus
1284 2998 1606 3056 preterquam
1629 2995 1680 3039 in
1710 2995 1885 3040 mortis
1918 2994 2129 3040 articulo
2163 2993 2370 3054 special-

328 3051 421 3097 iter
444 3067 765 3102 reseruamus.
820 3057 963 3114 Data,
989 3059 1098 3113 etc„
1124 3058 1217 3103 sub
1242 3057 1405 3117 sigillo
1428 3060 1601 3103 nostro
1625 3057 1691 3103 ad
1714 3072 1890 3104 causas
1912 3059 1964 3103 in
1989 3058 2126 3104 dicto
2150 3058 2374 3117 prioratu

329 3113 394 3160 de
419 3115 670 3163 Dauentre
692 3119 791 3179 xvij
819 3119 901 3165 die
925 3121 1109 3166 mensis
1131 3121 1243 3182 Julij
1269 3135 1402 3167 anno
1429 3121 1633 3167 Domini
1658 3121 1917 3182 mccccxlij
1944 3124 1995 3168 et
2029 3118 2365 3183 [nostrarum]

329 3179 722 3226 consecracionis¹¹
745 3197 878 3229 anno
901 3185 1006 3243 xvj⁰
1029 3187 1079 3230 et
1100 3184 1448 3231 translacionis
1471 3186 1628 3231 sexto.

431 3289 444 3313 ¹
471 3303 520 3328 ex
536 3304 648 3328 causa
665 3293 881 3333 cancelled.

429 3339 447 3363 2
471 3341 516 3378 de
542 3343 763 3382 cancelled.

428 3390 444 3415 ³
473 3391 688 3431 Interlined
707 3396 832 3435 above
849 3399 970 3435 vestri
986 3398 1203 3438 cancelled.

426 3442 442 3466 ⁴
471 3442 688 3483 Interlined
707 3447 832 3485 above
850 3449 947 3484 vobis
973 3451 1193 3490 cancelled.

427 3492 444 3516 ὅ
469 3493 611 3533 Added
630 3495 667 3532 in
690 3497 853 3546 margin,
874 3500 990 3538 much
1012 3511 1114 3539 torn.

428 3545 444 3571 7
468 3545 567 3582 vobis
584 3550 783 3584 assumatis
801 3549 1016 3589 cancelled.

429 3594 445 3618 ⁸
471 3595 631 3635 Altered
651 3597 748 3635 from
766 3601 949 3638 claueues.

428 3645 444 3669 ⁹
471 3648 533 3684 Sic
550 3660 559 3683 :
589 3647 649 3684 for
665 3648 878 3698 odorisec0s‚
899 3651 959 3690 i.e.
980 3652 1227 3703 odorisequos.

412 3695 444 3721 ¹⁰
458 3699 622 3745 faciatis
647 3700 866 3739 cancelled.

410 3747 441 3772 ¹¹
471 3748 687 3789 interlined
705 3751 830 3791 above
848 3754 1154 3804 translacffionis]
1179 3757 1396 3798 cancellcd.

427 3837 442 3863 ¹
471 3837 548 3876 For
574 3840 786 3888 corrodies,
814 3854 879 3880 see
909 3843 1086 3882 william
1119 3845 1357 3886 Daventre’s
1385 3849 1533 3888 second
1562 3850 1640 3888 and
1669 3849 1776 3888 third
1806 3850 1958 3889 detecta.
2034 3849 2122 3890 The
2154 3850 2372 3902 injunction
