2488 4296
272 356 390 424 136
728 349 1217 407 ALNWICK'S
1299 350 1863 409 VISITATIONS

272 508 423 554 futuri
446 508 833 567 congruenciam
856 522 946 566 per
969 507 1317 554 honorabilem
1333 509 1493 555 virum
1517 509 1807 567 magistrum
1830 507 2109 569 Johannem
2134 507 2314 552 Beuer-

269 571 383 631 ley‚¹
406 586 546 618 sacre
580 572 760 630 pagine
785 572 1135 630 professorem,
1165 575 1458 632 sequentem
1482 572 1581 618 hoc
1603 572 1787 628 thema,
1815 575 1824 594 ‘
1846 571 2067 629 Vestigia
2091 569 2316 615 eiusdem

272 637 472 680 secutus
495 636 570 679 est
594 649 683 693 pes
707 633 876 689 meUS,’
902 633 1014 679 etc.2
1079 634 1191 692 Quo
1213 634 1530 681 laudabiliter
1552 634 1707 691 finito,
1732 635 1912 680 amotis
1936 633 2168 678 omnibus
2191 646 2316 694 quos

277 698 541 756 negocium
586 698 684 742 hoc
729 711 830 742 non
874 697 1228 755 tangentibus,⁸
1270 699 1506 756 magister
1551 697 1762 756 collegii,
1803 696 2038 742 videlicet
2081 697 2317 754 magister

276 760 559 806 Willelmus
598 760 755 814 More,
781 759 1186 805 certificatorium
1210 761 1432 806 mandati
1457 761 1647 806 domini
1672 761 1766 806 sibi
1790 761 1840 805 in
1865 760 1962 805 hoc
1986 774 2105 805 casu
2138 759 2316 804 directi

276 823 560 869 confectum
585 825 634 868 et
658 822 819 881 sigillo
845 824 1098 868 communi
1123 824 1321 883 collegii
1357 824 1625 883 sigillatum
1649 823 1855 868 domino
1891 823 2134 868 liberauit.
2204 821 2316 880 Quo

275 887 475 946 publice
515 886 739 945 perlecto
784 889 834 931 et
877 887 1207 945 preconisatis
1252 887 1484 932 omnibus
1529 890 1579 933 et
1623 886 2044 945 comparentibus,
2080 885 2316 944 magister

276 949 487 1007 collegii,
513 950 720 1008 prestita
754 949 876 994 alias
912 963 1002 1008 per
1037 964 1151 995 eum
1188 950 1499 1006 obediencia,
1524 950 1641 995 ideo
1677 950 1775 994 iarn
1811 963 1906 995 non
1942 949 2189 1007 exigitur3
2226 947 2316 994 sed

275 1013 502 1058 exhibuit
539 1012 730 1058 litteras
768 1012 1001 1058 ordinum
1042 1015 1092 1058 et
1129 1013 1258 1058 tituli
1298 1013 1494 1072 collegii
1540 1015 1589 1059 et
1633 1013 1828 1068 vicarie,
1875 1011 2232 1057 fundacionem
2266 1013 2316 1057 et

276 1078 458 1121 statum
481 1075 696 1134 collegii.
766 1075 1012 1121 Dominus
1052 1076 1302 1122 Henricus
1340 1077 1518 1137 Drury,
1543 1077 1836 1130 vicecustos,
1862 1075 2042 1120 iurauit
2077 1074 2315 1120 obedien-

275 1139 403 1184 ciam
428 1140 476 1184 et
501 1139 728 1184 exhibuit
751 1137 1053 1184 sufficienter
1076 1140 1126 1184 in
1151 1139 1425 1186 ordinibus.
1496 1139 1742 1185 Dominus
1777 1138 2061 1184 Willelmus
2101 1137 2313 1183 Blaunk-

275 1216 406 1262 payn
451 1203 631 1247 iurauit
676 1202 1026 1248 obedienciam
1071 1205 1121 1248 et
1166 1202 1405 1248 exhibuit.
1519 1203 1765 1248 Dominus
1824 1202 2078 1263 Johannes
2125 1200 2315 1247 Munde

273 1265 452 1310 iurauit
492 1265 841 1311 obedienciam
866 1268 915 1310 et
955 1265 1196 1311 exhibuit.
1267 1266 1514 1311 Dominus
1553 1266 1804 1311 Robertus
1845 1265 2097 1325 Hopekyn
2136 1264 2316 1309 iurauit

273 1328 623 1373 obedienciam
647 1330 696 1374 et
720 1328 958 1374 exhibuit.
1030 1329 1274 1374 Dominus
1309 1328 1593 1375 Willelmus
1617 1328 1917 1375 Caluertone
1940 1328 2119 1373 iurauit
2141 1327 2313 1373 obedi-

271 1392 465 1437 enciam
490 1394 539 1436 et
562 1391 803 1437 exhibuit.
874 1392 1054 1438 Postea
1080 1395 1466 1451 comparuerunt
1490 1392 1742 1453 Johannes
1767 1391 2026 1447 Sherman,
2065 1391 2316 1437 Robertus

274 1454 487 1511 Irlande,
526 1454 810 1501 Willelmus
847 1454 1040 1501 Chiche
1077 1459 1127 1502 et
1167 1455 1421 1501 Walterus
1459 1455 1766 1516 Syngsstone,
1791 1455 1973 1504 clerici.
1999 1468 2059 1500 ac
2091 1454 2314 1500 Thomas

273 1518 461 1572 Lewes,
491 1518 740 1564 Robertus
764 1517 958 1575 Offord,
984 1519 1268 1564 Willelmus
1290 1519 1510 1575 Vrlebat,
1537 1519 1789 1580 Johannes
1824 1517 2034 1577 Spekke,
2060 1517 2314 1578 Johannes

274 1581 394 1641 Hyll
418 1584 466 1627 et
489 1581 742 1642 Johannes
767 1582 959 1638 Cresse,
981 1581 1200 1629 choriste
1225 1582 1347 1628 dicti
1370 1582 1582 1641 collegii.
1675 1582 1741 1627 Et
1765 1585 1879 1641 post
1902 1581 1998 1626 hec
2021 1581 2087 1626 ad
2111 1581 2313 1642 inquisi-

270 1645 468 1690 cionem
504 1647 898 1704 preparatoriam
939 1645 1172 1691 dominus
1212 1647 1457 1705 processit
1496 1646 1718 1705 magistri
1759 1648 1808 1691 et
1843 1645 2093 1691 sociorum
2117 1644 2311 1704 predic-

273 1711 438 1753 torum
463 1726 472 1764 3
509 1709 593 1770 qui
617 1710 885 1754 examinati
910 1709 1084 1755 dicunt
1107 1724 1166 1755 ea
1189 1724 1286 1771 que
1309 1712 1596 1771 sequuntur.

399 1780 756 1842 (Caluertone.)
825 1782 1065 1840 Magister
1097 1782 1382 1828 Willelmus
1418 1782 1575 1838 More,
1602 1784 1769 1828 custos
1792 1781 1897 1827 siue
1921 1781 2156 1840 magister
2190 1779 2312 1827 dicti

272 1844 485 1903 collegii,
527 1844 650 1890 dicit
688 1845 825 1906 quod
862 1845 1096 1891 dominus
1132 1845 1415 1891 Willelmus
1449 1845 1763 1899 Caluertone,
1789 1844 2075 1904 capellanus
2099 1843 2310 1902 collegii,

272 1907 478 1952 nimium
502 1911 551 1953 et
575 1911 807 1967 suspecto
832 1908 986 1954 modo
1009 1908 1292 1970 frequentat
1332 1908 1535 1954 domum
1576 1908 1826 1967 Margerie
1863 1907 2310 1967 Chaumberleyne,

270 1972 487 2016 tenentis
510 1971 724 2030 collegii,
750 1974 800 2017 et
836 1973 1053 2017 monitus
1093 1973 1157 2018 de
1196 1971 1488 2018 desistendo
1520 1986 1621 2018 non
1656 1971 1867 2017 desistit.
1936 1971 2228 2030 Comparuit
2263 1973 2312 2016 et

269 2034 470 2080 obiecto
510 2035 719 2081 articulo
757 2037 906 2093 negat
945 2036 1169 2092 crimen;
1218 2038 1267 2081 et
1305 2035 1496 2081 indicta
1533 2034 1643 2081 esti⁴
1679 2036 1774 2081 sibi
1815 2035 2053 2094 purgacio
2092 2048 2205 2079 cum
2238 2033 2309 2093 iiij

266 2098 415 2143 sociis
438 2098 723 2156 capellanis.
794 2098 860 2144 Et
896 2099 967 2144 sic
1003 2099 1235 2158 purgauit
1271 2114 1325 2145 se
1362 2113 1477 2145 cum
1515 2101 1728 2160 quatuor
1764 2099 1914 2144 sociis
1951 2097 2235 2157 capellaniS‚
2262 2099 2312 2143 et

270 2161 488 2206 monitus
527 2164 602 2206 est
639 2162 732 2207 sub
771 2176 902 2221 pena
940 2163 1430 2209 excomunicacionis
1468 2163 1606 2224 quod
1645 2177 1747 2208 non
1786 2162 2071 2223 frequentet
2105 2160 2311 2207 domum

270 2223 405 2270 dicte
428 2224 647 2270 mulieris
671 2239 765 2271 nec
788 2225 954 2286 aliqua
976 2225 1073 2271 alia
1095 2226 1206 2272 loca
1230 2228 1474 2285 suspecta.

398 2287 524 2333 Item
549 2288 671 2333 dicit
694 2289 831 2350 quod
855 2303 917 2335 ex
943 2290 1225 2335 necessario
1250 2292 1326 2336 est
1348 2289 1485 2352 quod
1509 2291 1692 2335 statuta
1716 2289 1914 2348 collegii
1949 2287 2014 2334 de
2038 2301 2172 2334 nouo
2195 2299 2310 2333 con-

269 2350 464 2404 dantur,
490 2352 606 2413 quia
639 2353 738 2397 iam
772 2352 990 2409 condita,
1017 2353 1139 2413 quid
1173 2355 1380 2412 propter
1403 2367 1576 2399 eorum
1601 2352 1947 2398 difficilitatem
1972 2354 2021 2397 et
2043 2351 2313 2397 contrarie-

267 2416 422 2460 tatem
446 2417 495 2460 et
520 2418 853 2474 prouentuum
877 2416 1075 2474 collegii
1101 2417 1387 2472 exilitatem,
1415 2416 1550 2462 nullo
1575 2416 1728 2462 modo
1752 2418 1963 2476 possunt
1986 2415 2257 2461 obseruari,

399 2477 635 2539 (Custos)
685 2479 932 2525 Dominus
959 2479 1209 2526 Henricus
1235 2480 1413 2539 Drury,
1438 2481 1732 2536 vicecustos,
1758 2479 1882 2525 dicit
1905 2478 2041 2540 quod
2066 2477 2316 2538 stipendia

267 2541 518 2587 sociorum
557 2557 659 2588 non
698 2543 957 2588 soluuntur
995 2543 1046 2588 in
1085 2544 1311 2589 terminis
1347 2544 1483 2589 iuxta
1521 2546 1717 2600 statuta,
1755 2542 1844 2589 sed
1886 2557 1987 2588 non
2025 2542 2077 2587 in
2112 2540 2316 2588 defectu

272 2605 510 2651 custodis.

392 2666 628 2729 (Custos.)
710 2669 837 2715 Item
872 2669 995 2716 dicit
1018 2669 1168 2731 quod,
1194 2673 1246 2715 vt
1270 2670 1364 2716 sibi
1388 2670 1599 2728 videtur,
1625 2671 1861 2728 magister
1884 2671 1961 2715 est
1995 2668 2230 2714 remissus
2263 2668 2315 2713 in

265 2731 566 2791 corrigendo
604 2732 833 2779 defectus
873 2733 1279 2795 delinquencium
1319 2735 1370 2779 in
1410 2733 1582 2790 choro,
1608 2748 1734 2795 quos
1770 2733 1984 2793 ipsemet
2023 2746 2125 2778 non
2149 2733 2317 2791 potest

370 2841 382 2866 ¹
409 2842 534 2880 decret
549 2844 762 2882 cancelled.

368 2894 384 2918 2
410 2893 487 2937 Job
504 2902 628 2941 xxm,
647 2903 695 2933 11.

369 2944 385 2968 ³
413 2946 496 2983 Sic:
525 2946 585 2983 for
612 2946 797 2994 tangebat.

368 2995 384 3018 ‘¹
411 2997 500 3035 Sic:
529 2997 591 3034 for
613 3003 682 3035 est.

368 3086 381 3110 ¹
411 3087 487 3125 See
506 3093 601 3125 note
623 3097 641 3133 3
663 3100 714 3125 on
735 3101 775 3137 p.
800 3097 847 3135 34
867 3088 1004 3126 above.

366 3137 383 3160 ²
408 3137 586 3175 William
609 3139 721 3176 More
739 3152 907 3188 appears
925 3146 967 3177 to
987 3139 1088 3178 have
1109 3140 1207 3178 been
1227 3140 1296 3178 the
1314 3139 1422 3178 third
1439 3139 1597 3178 warden
1617 3140 1659 3177 of
1674 3139 1741 3178 the
1761 3138 1927 3188 college.
1946 3137 2188 3186 succeeding
2206 3136 2316 3176 Elias

267 3187 451 3234 Holcote‚
470 3189 559 3226 who
577 3190 735 3227 became
754 3190 911 3227 warden
929 3191 971 3228 of
990 3190 1148 3228 Merton
1167 3191 1332 3240 college,
1350 3191 1518 3238 Oxford,
1536 3191 1576 3228 in
1600 3191 1707 3237 1438.
1780 3190 1819 3228 N
1823 3190 1950 3228 either
1971 3190 2114 3228 More’s
2133 3189 2317 3238 appoint-

263 3249 373 3277 ment
391 3252 464 3277 nor
482 3240 570 3277 that
588 3241 630 3277 of
647 3240 708 3278 his
726 3253 940 3286 successor,
963 3241 1139 3279 Richard
1158 3242 1308 3289 White,
1326 3255 1392 3280 are
1411 3242 1599 3280 recorded
1619 3241 1660 3279 in
1675 3241 1742 3279 the
1759 3241 1954 3279 Lambeth
1970 3240 2170 3289 registers‚
2185 3240 2316 3278 where

263 3290 330 3327 the
349 3290 559 3328 collations
579 3291 622 3328 of
636 3291 704 3329 the
724 3291 986 3340 wardenship,
1006 3293 1133 3330 which
1153 3293 1350 3342 belonged
1369 3301 1411 3331 to
1423 3293 1491 3331 the
1506 3292 1744 3341 archbishop
1760 3292 1803 3329 of
1819 3291 2083 3341 Canterbury‚
2098 3303 2163 3328 are
2178 3291 2309 3340 given.

265 3340 329 3379 He
348 3341 381 3416 ig
401 3342 580 3430 ῐίρξείῗὶγ
598 3341 897 3430 1ῗ101ῐ111031ἔν1111
922 3342 1095 3432 W}ll{1am
1117 3344 1243 3432 llfiore,
1263 3344 1458 3433 pfristiciffil
1476 3345 1518 3382 of
1536 3343 1748 3432 ffierzhall,
1766 3343 1940 3432 0ξὶοὲςὶΙέ
1956 3343 2133 3431 1416-21ἕ.
2148 3392 2182 3431 C
2237 3399 2252 3430 t

263 3442 378 3492 bury,
399 3405 751 3482 31111651).υέἀῖνὲἳὲ
767 3402 1070 3502 ξῂέᾎῗῃῖεεῑεοῖ
1084 3402 1423 3496 <*leasegealitedthy
1441 3401 1890 3494 grrgrhzighogrffirxxichgie
1905 3406 2139 3494 inoffiagshgm
2156 3404 2316 3482 szrlrgs

262 3493 423 3541 church,
440 3496 486 3531 28
506 3494 628 3542 Aug.,
652 3501 762 3541 1425,
784 3508 824 3532 1n
845 3508 1064 3544 pursuance
1083 3496 1126 3533 of
1142 3496 1279 3534 letters
1297 3506 1435 3546 patent
1453 3497 1621 3546 granted
1641 3497 1692 3542 by
1713 3495 1853 3545 Henry
1871 3504 1912 3541 V,
1934 3506 1952 3533 2
1977 3496 2083 3544 May,
2107 3504 2218 3543 1422.
2274 3494 2312 3533 1ae

262 3544 452 3593 provided
473 3544 532 3582 for
549 3545 618 3583 the
638 3545 843 3595 perpetual
864 3555 1003 3584 tenure
1021 3547 1064 3584 of
1086 3546 1155 3584 the
1184 3547 1421 3597 mastership
1439 3560 1483 3585 or
1499 3546 1752 3597 wardenship
1779 3547 1822 3584 of
1845 3547 1914 3584 the
1941 3546 2094 3596 college
2120 3546 2215 3584 with
2242 3545 2311 3584 the

264 3595 443 3643 vicarage
475 3595 518 3633 of
545 3596 613 3633 the
642 3595 773 3646 parish
803 3597 966 3634 church.
1035 3597 1164 3635 There
1182 3598 1214 3635 is
1233 3612 1285 3636 no
1302 3611 1403 3647 copy
1421 3598 1464 3636 of
1479 3598 1559 3636 this
1575 3597 1730 3636 charter
1753 3598 1880 3635 either
1906 3605 1946 3634 at
1973 3597 2171 3636 Lambeth
2199 3609 2244 3634 or
2269 3607 2310 3634 at

263 3645 443 3693 Lincoln‚
463 3647 534 3684 but
553 3647 584 3684 it
602 3647 637 3684 is
655 3647 863 3696 preserved
883 3647 975 3684 with
997 3647 1132 3686 letters
1151 3656 1290 3697 patent
1308 3650 1349 3687 of
1368 3649 1507 3699 Henry
1525 3657 1585 3696 VI,
1603 3648 1827 3697 inspecting
1844 3649 1922 3686 and
1936 3648 2173 3698 confirming
2186 3649 2216 3686 it
2231 3648 2310 3685 and

259 3697 327 3734 the
357 3697 516 3735 various
545 3697 660 3735 other
688 3698 926 3735 documents
955 3698 1127 3748 relating
1155 3707 1197 3737 to
1227 3700 1295 3737 the
1322 3700 1571 3747 foundation,
1600 3707 1620 3744 7
1650 3699 1770 3747 Nov.,
1797 3707 1891 3746 1427
1912 3701 2016 3746 (Cal.
2036 3701 2126 3738 Pat.
2151 3708 2306 3747 1422-9‚

255 3759 324 3800 pp.
345 3749 493 3798 472-4).
547 3747 622 3786 See
642 3748 726 3786 also
748 3750 832 3789 Cal.
855 3750 942 3786 Pae.
968 3750 1146 3796 1416-22,
1166 3763 1202 3799 p.
1223 3760 1313 3800 441,
1333 3750 1392 3791 for
1410 3751 1478 3788 the
1495 3750 1631 3790 letters
1651 3759 1789 3803 patent
1809 3750 1850 3787 of
1870 3750 2009 3803 Henry
2023 3758 2068 3798 v,
2089 3749 2246 3800 printed
2265 3749 2307 3790 in

2482 142 2488 146 1
2483 94 2488 106 ..
2469 0 2488 77 :ndu-i.
