2488 4296
278 427 395 489 174
713 406 1204 471 ALNWICK’S
1287 408 1874 472 V1s1TATioNs.

272 575 388 618 ante
413 572 581 618 omnia
607 571 918 630 propositum
937 569 1031 615 fuit
1053 570 1262 615 verbum
1287 570 1383 616 Dei
1418 585 1509 630 per
1544 572 1802 631 egregium
1837 572 1997 617 virum
2033 573 2324 631 magistrum

275 636 555 696 Johannem
593 634 850 693 Beuerley,
888 648 1028 679 sacre
1065 634 1247 692 pagine
1281 634 1634 693 professorem,
1672 637 1964 696 sequentem
2003 634 2102 682 hoc
2139 636 2322 691 thema,

277 704 286 720 ‘
307 698 602 744 Exhibeatis
641 697 866 743 membra
905 699 1068 742 vestra
1108 697 1324 742 hostiam
1362 698 1540 754 viuam,
1582 698 1798 744 hostiam
1834 701 2070 755 sanctam,
2109 699 2325 746 hostiam

278 763 388 807 Deo
411 759 746 821 placentem.’1
802 760 912 818 Quo
936 761 1004 805 in²
1025 760 1195 819 lingua
1218 761 1406 819 vulgari
1429 761 1746 808 laudabiliter
1768 761 1922 818 finito,
1944 762 2180 821 priorissa
2203 762 2324 809 dicti

276 826 388 880 loci,
414 825 652 886 requisita
675 823 739 869 de
763 822 1089 869 certificando
1113 823 1404 869 mandatum
1428 824 1632 881 domini,
1658 825 1782 871 dicit
1816 840 1870 871 se
1906 827 2156 884 recepisse
2189 841 2323 872 man-

275 888 446 934 datum
487 887 677 934 domini
713 888 764 932 in
800 886 931 932 festo
969 887 1184 932 Dionisii
1219 887 1406 933 vltimo.
1478 888 1790 947 Interrogata
1812 889 1852 934 si
1877 888 2061 934 habeat
2083 888 2322 936 certifica-

274 953 457 997 torium
497 965 646 1010 super
685 951 790 996 eius
830 950 1148 1007 execucione,
1190 950 1314 996 dicit
1348 951 1486 1012 quod
1522 965 1637 1007 non,
1675 965 1737 997 eo
1772 951 1909 1013 quod
1945 966 2045 997 non
2081 952 2325 998 intellexit

273 1015 408 1071 illud,
435 1029 531 1060 nec
554 1015 713 1060 eciam
738 1014 1027 1072 capellanus
1049 1028 1166 1059 suus
1190 1014 1269 1059 cui
1292 1013 1416 1059 illud
1439 1015 1667 1060 exhibuit
1688 1032 1698 1071 ;
1723 1029 1873 1074 super
1895 1030 1996 1076 quo
2019 1015 2248 1061 submisit
2271 1031 2324 1062 se

273 1079 441 1138 gracie
475 1078 680 1124 domini.
747 1077 895 1123 Vnde
930 1077 1143 1123 liberato
1180 1077 1394 1127 domino
1423 1078 1652 1137 originali
1689 1078 1926 1124 mandato
1963 1081 2014 1124 et
2048 1079 2099 1124 in
2134 1079 2323 1138 vulgari

271 1142 508 1201 perlecto,
534 1141 861 1200 interrogauit
884 1140 949 1186 ab
973 1155 1032 1186 ea
1055 1140 1288 1186 dominus
1311 1141 1351 1186 si
1375 1140 1497 1186 illud
1522 1143 1732 1188 executa
1755 1142 1831 1187 sit.
1902 1142 2038 1188 Dicit
2075 1142 2214 1203 quod
2251 1143 2324 1189 sic

270 1208 511 1267 quantum
551 1204 616 1250 ad
653 1205 955 1250 citacionem
994 1205 1069 1249 sui
1110 1206 1160 1249 et
1196 1218 1423 1250 sororum
1464 1219 1677 1250 suarum.
1749 1205 2002 1263 Quantum
2035 1206 2100 1251 ad
2123 1205 2322 1251 titulum

270 1268 675 1314 confirmacionis
730 1282 832 1325 sue,
891 1267 1015 1313 dicit
1059 1267 1214 1328 quod'
1242 1267 1484 1313 Wardale
1529 1267 1847 1314 confirmauit
1901 1269 2226 1326 eleccionem,
2273 1272 2323 1315 et

271 1332 508 1392 magister
549 1331 800 1377 Heni-icus
842 1331 1083 1390 Laugar‘e,
1109 1333 1229 1376 tunc
1269 1330 1496 1377 officialis
1519 1331 1876 1388 archidiaconi,
1902 1332 2173 1378 installauit
2197 1347 2321 1389 eam,

268 1396 359 1441 sed
382 1410 531 1455 super
556 1395 652 1440 hiis
675 1394 831 1440 nichil
849 1394 1004 1440 habet
1020 1395 1071 1440 in
1091 1394 1303 1453 scriptis.
1375 1395 1689 1454 Interrogata
1706 1396 1747 1441 si
1766 1395 1951 1441 habeat
1965 1395 2321 1442 fundacionem

270 1459 449 1504 domus
473 1462 524 1504 et
547 1459 658 1520 quis
681 1461 758 1504 est
780 1458 1031 1514 fundator,
1058 1458 1182 1504 dicit
1206 1457 1341 1519 quod
1366 1458 1600 1504 dominus
1623 1459 1908 1505 Willelmus
1946 1459 2174 1505 Pantolfe
2208 1459 2315 1505 fun-

271 1522 410 1568 dauit
444 1522 664 1576 domum,
702 1521 792 1567 sed
829 1522 945 1582 quia
981 1521 1242 1567 illaterate⁸
1277 1524 1405 1578 sunt,
1446 1523 1676 1568 nesciunt
1713 1522 1992 1582 intelligere
2031 1524 2314 1582 scripturas

271 1587 585 1645 Interrogata
609 1586 649 1630 si
673 1585 854 1631 reddat
876 1588 1168 1644 compotum
1192 1600 1335 1630 suum
1353 1587 1608 1631 annuatim
1627 1586 1882 1632 sororibus
1905 1587 2019 1642 suis,
2041 1586 2162 1632 dicit
2179 1586 2316 1647 quod

269 1665 370 1695 non
393 1668 401 1696 :
438 1649 561 1695 dicit
584 1652 752 1694 tamen
777 1649 914 1710 quod
938 1651 1111 1708 parata
1135 1649 1229 1696 erit
1251 1648 1316 1694 ad
1341 1649 1436 1694 sibi
1460 1649 1870 1708 computandum.
1926 1649 2125 1695 Deinde
2149 1651 2315 1695 minis-

269 1714 419 1759 trauit
443 1713 650 1759 domino
674 1713 748 1758 sui
773 1716 822 1758 et
846 1727 1074 1758 sororum
1098 1727 1297 1758 suarum
1323 1713 1526 1758 nomina
1548 1717 1598 1758 et
1620 1714 1922 1772 cognomina
1947 1731 1956 1771 ;
1991 1713 2172 1775 quibus
2206 1727 2316 1773 pre-

270 1777 510 1823 conizatis
533 1779 583 1822 et
606 1776 1027 1835 comparentibus,
1048 1775 1226 1822 eadem
1250 1776 1488 1835 priorissa
1510 1777 1691 1822 iurauit
1713 1776 2064 1823 obedienciam
2082 1777 2133 1822 in
2155 1776 2318 1823 forma

269 1844 523 1886 consueta.
594 1841 908 1899 Interrogata
943 1839 1116 1901 quanti
1152 1839 1334 1885 valoris
1373 1842 1487 1885 sunt
1524 1840 1750 1886 redditus
1790 1840 1984 1897 domus,
2021 1840 2144 1886 dicit
2177 1840 2316 1901 quod

267 1904 429 1950 solum
468 1903 746 1950 extendunt
782 1918 836 1949 se
873 1902 939 1948 ad
978 1918 1045 1948 xx
1068 1903 1118 1950 li.
1189 1903 1387 1949 Deinde
1421 1904 1601 1949 amotis
1624 1903 1747 1961 aliis,
1773 1904 2056 1950 examinata
2078 1904 2317 1963 priorissa

269 1967 391 2014 dicit
414 1982 474 2013 ea
496 1982 594 2029 que
617 1971 903 2028 sequuntur.

398 2032 615 2077 Domina
662 2031 947 2090 Margareta
994 2030 1127 2086 Pole,
1187 2031 1437 2089 priorissa,
1485 2030 1608 2076 dicit
1651 2030 1788 2093 quod
1833 2045 1933 2092 quo
1977 2030 2043 2077 ad
2082 2033 2316 2077 reuentus

269 2095 449 2140 domus
473 2095 754 2140 habuerunt
777 2094 912 2153 apud
938 2094 1102 2155 Dalby
1126 2109 1158 2139 x
1181 2109 1374 2140 marcas
1397 2098 1447 2140 et
1476 2109 1542 2140 xx
1575 2095 1827 2156 quarteria
1859 2094 2109 2151 frumenti,
2135 2098 2184 2141 et
2217 2095 2316 2140 iam

252 2158 454 2203 habent
479 2158 639 2204 solum
664 2173 703 2204 c.
722 2173 754 2202 s.
814 2157 1054 2203 Solebant
1078 2158 1264 2203 habere
1287 2157 1422 2217 apud
1447 2158 1693 2218 Somerby
1715 2158 1827 2214 xli.‚
1854 2161 1904 2204 et
1921 2159 2019 2204 iam
2054 2158 2243 2204 habent
2265 2159 2316 2203 ix

267 2221 317 2266 li.
386 2222 626 2268 Solebant
651 2220 826 2267 habere
848 2221 983 2280 apud
1009 2221 1343 2282 Dyseworthe
1367 2237 1473 2278 c.s.,
1499 2224 1549 2267 et
1572 2222 1671 2267 iarn
1694 2222 1883 2268 habent
1905 2224 2099 2267 tantum
2122 2221 2258 2281 xxiiij
2278 2237 2313 2266 s.

274 2286 478 2331 Habere
502 2285 731 2331 solebant
752 2285 887 2344 apud
915 2284 1147 2344 Barkeby
1164 2285 1214 2330 in
1237 2285 1598 2344 temporalibus
1614 2286 1661 2345 vj
1682 2286 1748 2341 li„
1770 2286 1934 2331 etiam
1952 2285 2142 2331 habent
2158 2285 2318 2330 solum

265 2350 334 2409 iiij
353 2349 402 2395 li.
470 2349 620 2408 Apud
647 2349 892 2408 Belgraue
914 2348 966 2393 xl
982 2348 1035 2394 s.⁴
1057 2365 1066 2394 ε
1101 2349 1200 2394 iam
1225 2348 1381 2394 nichil
1404 2348 1605 2405 habent,
1631 2363 1693 2394 eo
1717 2348 1854 2410 quod
1872 2352 2003 2394 terre
2027 2350 2317 2408 ignorantur

267 2412 332 2458 de
356 2413 536 2474 quibus
559 2412 856 2458 leuarentur.
927 2412 993 2457 Et
1033 2411 1222 2457 habent
1261 2411 1326 2458 de
1365 2412 1566 2458 redditu
1605 2413 1749 2458 vnius
1788 2412 2065 2459 molendini
2100 2411 2317 2473 aquatici

367 2524 380 2548 ¹
410 2527 526 2563 Rom.
547 2525 615 2572 xii,
642 2536 656 2563 1
678 2537 686 2561 z
720 2527 731 2546 ‘
745 2526 920 2563 Obsecro
938 2525 1070 2576 itaque
1088 2538 1158 2562 vos
1175 2525 1313 2563 fratres
1332 2538 1399 2575 per
1419 2525 1725 2563 misericordiam
1746 2525 1836 2571 Dei,
1858 2531 1900 2563 ut
1918 2524 2136 2563 exhibeatis
2153 2536 2318 2574 corpora

262 2583 389 2616 vestra
406 2577 575 2615 hostiam
594 2577 805 2623 viventem,
826 2583 1017 2623 sanctam,
1042 2577 1129 2615 Deo
1149 2577 1385 2626 placentem,
1407 2577 1639 2615 rationabile
1657 2577 1887 2627 obsequium
1907 2576 2106 2615 vestrum?

365 2628 382 2651 2
408 2630 552 2666 Latina
578 2629 792 2666 cancelled.

363 2679 380 2704 ³
406 2681 501 2718 Sic:
529 2680 588 2718 for
616 2681 817 2717 illiterate.

365 2730 381 2754 4
405 2733 455 2769 xl
469 2731 679 2770 interlined
697 2732 822 2769 above
840 2744 899 2768 xx
916 2731 1134 2770 cancelled.

366 2821 378 2845 ¹
407 2821 484 2859 See
503 2831 596 2858 note
619 2831 638 2867 3
659 2835 711 2859 on
731 2834 768 2871 p.
792 2831 838 2869 34
858 2822 999 2860 above.

366 2872 383 2895 2
409 2882 431 2918 9
452 2872 558 2919 Oet.‚
585 2883 696 2920 1440.

365 2923 381 2947 ³
408 2923 475 2961 No
502 2925 637 2960 record
675 2923 717 2961 of
750 2923 822 2960 her
856 2923 1027 2962 electiori
1065 2936 1108 2961 or
1139 2922 1415 2960 confirmation
1454 2923 1650 2960 remains:
1679 2935 1744 2960 see
1787 2923 2002 2961 Vis'z'tatr'ons
2032 2934 2060 2971 1,
2093 2932 2175 2971 157.
2236 2923 2320 2961 Her

262 2975 452 3013 evidence
471 2976 565 3012 with
586 2975 727 3024 regard
747 2986 788 3012 to
816 2976 883 3012 the
912 2974 1078 3023 corrody
1107 2975 1234 3012 shews
1266 2974 1365 3015 that⁴
1385 2974 1455 3011 she
1489 2974 1566 3012 had
1596 2975 1695 3012 been
1725 2974 1876 3011 elected
1906 2975 2043 3012 within
2063 2975 2130 3012 the
2158 2975 2235 3012 last
2261 2975 2322 3012 six

261 3039 388 3075 years.
409 3077 422 3113 f
450 3025 533 3063 Her
552 3027 810 3114 shuccessoggn
837 3027 974 3106 1443&
995 3039 1074 3084 was
1098 3026 1301 3114 Mafrggret
1322 3025 1486 3113 {encra
1504 3025 1593 3113 {lilio
1611 3038 1703 3113 may
1721 3025 1940 3113 hzve'been
1961 3026 2029 3114 ῑξιξ
2049 3025 2143 3116 ladg
2167 3026 2210 3063 of
2227 3025 2322 3114 ctiliam

262 3091 524 3216 ἓὲἷὲξςξὲἕῗο
539 3089 1171 3216 Ξῃῖιὲἶὶῗῧῑᾱέἳζὲῖῐέέἒἵξέυιίιᾌ
1192 3089 1566 3215 bgssffifk‘zthyhig
1579 3087 1749 3215 51153223
1769 3087 2224 3217 ffssisssssznigssffoe
2256 3089 2321 3194 ’Ὗ

260 3232 372 3280 preb.
393 3231 433 3268 in
455 3179 636 3275 ἶὸἱῗέοῗῐῗ,
658 3192 682 3275 ξ
701 3192 952 3276 Νέζηῆῐῖἰὸῐ
964 3193 1084 3279 (Ηέἑν.
1097 3186 1318 3276 aXVIIIJLIeth,
1337 3187 1467 3276 idda,
1481 3191 1791 3278 Sssbsegue3t1y,
1804 3188 2005 3267 ῗῖῗῖάῗῑε
2023 3189 2093 3276 riot
2111 3187 2320 3275 rzzgosscrieeii?

261 3283 310 3319 he
330 3281 517 3320 obtained
539 3281 726 3330 Twyford
746 3283 853 3330 preb.
878 3282 917 3318 in
940 3281 998 3319 St.
1023 3281 1155 3319 Paul's
1174 3282 1422 3330 (Hennessy,
1442 3280 1540 3318 Nov.
1561 3281 1672 3331 Rep„
1692 3294 1730 3330 p.
1754 3285 1831 3329 52).
1902 3280 1967 3318 On
1992 3281 2036 3318 16
2055 3281 2182 3330 April,
2206 3287 2315 3328 1455,

261 3334 310 3371 he
330 3347 407 3371 was
426 3333 516 3370 inst.
547 3342 589 3369 to
617 3333 686 3369 the
717 3334 902 3382 vicarage
932 3333 974 3369 of
1002 3332 1060 3370 St.
1084 3333 1212 3382 Mary,
1245 3332 1444 3381 Islington
1480 3331 1599 3380 (ibid.‚
1631 3345 1668 3380 p.
1704 3332 1808 3378 230),
1841 3332 1919 3369 and
1955 3332 1990 3370 is
2025 3331 2229 3370 identified
2267 3332 2318 3380 by

262 3384 477 3422 Newcourt
496 3384 611 3434 (Rep.
633 3391 678 3427 ΙΙ,
697 3383 787 3432 663)
809 3384 888 3421 and
910 3383 1127 3433 Hennessy
1154 3383 1248 3421 with
1277 3383 1381 3427 John
1413 3382 1603 3427 Wardall‚
1623 3383 1750 3420 whom
1770 3382 1997 3428 Newcourt‚
2015 3382 2210 3429 however,
2223 3383 2319 3421 calls

262 3435 438 3473 Thomas
458 3435 497 3472 in
519 3435 581 3472 his
598 3445 683 3472 text
713 3435 783 3471 but
812 3435 915 3479 John
936 3435 974 3471 in
995 3435 1053 3471 his
1072 3445 1182 3481 note,
1203 3435 1295 3472 inst.
1315 3445 1357 3472 to
1376 3434 1500 3473 Great
1522 3433 1810 3483 Wigborough,
1830 3434 1968 3478 Essex,
1992 3444 2038 3482 17
2057 3434 2181 3483 Sept„
2204 3433 2314 3481 1466.

261 3486 327 3523 All
361 3486 426 3524 the
455 3486 543 3523 four
577 3485 771 3523 benefices
803 3486 1034 3523 mentioned
1067 3498 1167 3523 were
1199 3495 1340 3522 vacant
1359 3485 1399 3523 in
1423 3493 1531 3532 1472,
1551 3486 1665 3523 when
1683 3485 1735 3523 he
1754 3484 1862 3523 died.
1919 3485 2133 3534 Hennessy
2155 3484 2315 3535 (oasin,

261 3550 298 3586 p.
322 3539 461 3596 XLV-11)
481 3545 595 3575 notes
612 3536 698 3574 that
717 3537 778 3574 his
807 3536 1070 3583 will(P.C.C.
1091 3536 1114 3573 6
1136 3536 1321 3586 Wattys)‚
1341 3536 1460 3574 dated
1484 3546 1499 3573 1
1525 3536 1633 3585 May,
1657 3543 1766 3583 1472,
1784 3549 1863 3573 was
1891 3536 2040 3585 proved
2069 3549 2119 3574 on
2151 3536 2200 3573 26
2221 3535 2318 3586 May

262 3587 557 3677 sonogvaefister
578 3638 719 3687 Henry
752 3638 922 3687 Langar,
942 3638 1160 3689 Dawkyns.
1185 3638 1368 3688 Dalkyns
1387 3651 1430 3675 or
1452 3637 1646 3687 Dawkyn,
1665 3637 1750 3676 dec.
1770 3638 1868 3685 bac.,
1888 3651 1967 3676 was
1986 3638 2080 3676 inst.
2101 3645 2144 3675 to
2165 3637 2313 3686 Saxby,

259 3690 425 3737 Leices.,
445 3704 495 3727 on
515 3690 583 3727 the
603 3702 704 3739 pres.
727 3689 770 3727 of
787 3689 965 3726 Thomas
985 3689 1215 3736 Chaworth,
1234 3690 1306 3737 kt.,
1330 3699 1371 3726 12
1391 3689 1498 3734 Dec.,
1519 3699 1614 3736 1434
1636 3689 1757 3737 (Reg.
1774 3697 1881 3735 XVII,
1896 3689 2069 3736 f0.42d).
2117 3688 2181 3726 He
2199 3687 2314 3726 exch.

258 3741 394 3791 Saxby
413 3742 471 3779 for
492 3741 607 3790 Long
627 3740 832 3787 Whatton,
864 3748 884 3785 7
905 3741 1009 3787 Jan.,
1034 3742 1173 3787 1438·9
1197 3741 1318 3790 (Reg.
1337 3748 1462 3785 XVIII,
1481 3741 1531 3778 fo.
1557 3741 1656 3786 150),
1683 3740 1763 3777 and
1793 3739 1908 3789 Long
1939 3739 2133 3778 Whatton
2161 3740 2220 3778 for
2248 3739 2316 3777 the

257 3792 439 3840 vicarage
459 3792 501 3830 of
516 3790 950 3841 Ashby·de—la-Zouch,
971 3801 1016 3828 22
1038 3791 1078 3828 N
1083 3804 1162 3839 ov.,
1190 3791 1284 3839 1463
1306 3791 1431 3840 (Reg.
1450 3800 1520 3836 xx,
1538 3790 1589 3829 fo.
1607 3790 1737 3840 216d).
1789 3790 1854 3829 He
1869 3790 1962 3828 died
1978 3791 2111 3829 before
2123 3800 2171 3838 24
2184 3790 2313 3840 Sept„

266 3851 361 3890 1477
385 3844 503 3892 (Reg.
526 3851 616 3889 XXI,
638 3843 689 3880 fo.
712 3842 790 3892 73).
