2488 4296
324 375 400 434 97
798 357 1284 417 ALNWICK’S
1368 357 1934 417 VISITATIONS

325 517 568 563 deberent
604 516 764 563 solum
801 517 1026 561 conuerti
1065 516 1116 561 in
1153 515 1555 576 supplementum
1600 530 1975 564 communarum
2021 518 2270 564 sociorum
2314 519 2365 566 in

325 581 665 639 collegiorum¹
689 582 738 625 et
761 593 862 624 non
886 580 937 624 in
959 578 1084 625 alios
1106 594 1252 636 vsus;
1300 582 1678 639 verumptamen
1712 581 1810 626 iam
1851 596 1953 627 non
1990 584 2105 628 sunt
2142 581 2193 627 in
2230 596 2365 629 com-

325 645 499 700 munis,
525 643 615 690 sed
639 642 849 704 quilibet
879 642 1115 689 sacerdos
1139 643 1288 689 soluit
1310 644 1360 688 in
1385 656 1560 702 grosso
1584 658 1676 702 pro
1699 644 1995 691 victualibus
2019 646 2120 691 suis
2143 645 2227 691 lxs.
2300 645 2367 691 Et

325 707 486 754 credit
509 706 645 768 quod
669 707 710 751 si
733 705 898 751 forent
921 706 972 751 in
1007 707 1285 752 communis
1324 709 1375 751 vt
1414 706 1596 766 supra,2
1630 707 1796 753 vtilius
1833 708 1981 754 foret⁸
2019 712 2150 754 stare
2186 722 2366 768 magna

321 785 526 826 summa,
552 771 624 815 sic
647 769 784 831 quod
809 769 1053 816 haberent
1089 770 1140 815 in
1171 770 1407 815 thesauro
1430 770 1562 816 vnde
1594 774 1764 830 posset
1788 771 2016 818 satisfieri
2040 773 2112 819 eis
2135 786 2229 831 pro
2252 773 2366 818 vna⁴

323 834 512 880 mense⁵
534 848 623 893 pre
646 833 887 879 manibus.

454 898 580 943 Item
604 897 727 942 dicit
749 896 887 957 quod
911 896 975 942 de
999 897 1194 942 statutis
1216 899 1489 956 prouentus
1512 897 1709 956 collegii
1728 898 1972 945 deberent
1995 899 2171 958 reponi
2194 899 2245 944 in
2268 913 2364 944 vna

323 962 447 1007 cista
465 961 557 1006 sub
575 960 732 1006 tribus
757 959 994 1015 clauibus,
1020 962 1070 1005 et
1094 975 1208 1006 cum
1231 974 1357 1019 opus
1380 959 1510 1007 foret
1533 962 1759 1020 pecuniis
1781 961 2110 1008 liberarentur
2127 962 2235 1022 901·Β
2256 977 2362 1009 cus·

323 1024 468 1070 todes
493 1023 778 1069 huiusmodi
802 1023 1050 1079 clauium3
1098 1025 1195 1069 iam
1231 1024 1416 1070 etenim
1456 1025 1691 1083 magister
1727 1026 1894 1071 omnia
1931 1025 2064 1071 solus
2099 1026 2278 1085 recipit
2312 1028 2363 1072 et

326 1088 473 1134 soluit
506 1087 654 1133 solus.

455 1152 582 1197 Item
604 1165 719 1196 cum
742 1150 893 1212 aliqui
929 1149 1254 1207 infirmentur,
1279 1151 1409 1197 male
1443 1151 1515 1197 eis
1549 1152 1760 1197 seruitur
1793 1153 1844 1197 111
1879 1152 2091 1199 cibariis.
2162 1152 2367 1199 Petitur⁷

325 1215 474 1273 igitur
496 1217 548 1259 vt
571 1214 702 1260 cum⁸
724 1215 934 1275 quilibet
957 1214 1121 1260 soluat·
1140 1229 1232 1274 pro
1257 1229 1430 1260 mensa
1452 1229 1541 1260 sua
1563 1214 1647 1260 lxs.
1673 1216 1723 1260 in
1747 1230 1893 1271 anno,
1919 1216 2055 1277 quod
2080 1215 2365 1262 extenditur

324 1278 390 1324 ad
412 1279 566 1338 xiiijd.
591 1279 642 1323 in
666 1279 956 1338 septimana,
977 1281 1027 1324 et
1051 1279 1307 1336 contingat
1330 1278 1546 1339 aliquem
1564 1278 1816 1335 infirmari,
1836 1283 1920 1325 aut
1943 1281 2177 1339 magister
2201 1279 2364 1339 proui-

325 1341 442 1388 deat
480 1341 677 1387 infirmo
715 1342 778 1387 de
815 1342 940 1388 cibis
980 1341 1320 1386 subtilioribus
1359 1342 1495 1388 iuxta
1529 1343 1806 1401 appetitum
1842 1358 1997 1399 suum,
2033 1347 2117 1389 aut
2150 1343 2367 1390 resoluat

324 1404 521 1451 infirmo
545 1420 788 1451 summam
812 1406 1024 1483 solutam
1047 1419 1137 1464 per
1174 1420 1287 1451 eum
1326 1419 1419 1464 pro
1457 1408 1685 1465 tempore
1724 1381 2023 1453 infirmitatis
2058 1407 2146 1463 sui,
2183 1410 2235 1452 vt
2270 1407 2365 1452 sibi

323 1470 418 1528 ipsi
442 1469 719 1528 prouideat

369 1573 371 1576 Α
454 1533 580 1579 Item
605 1532 886 1594 dicitquod
911 1532 1215 1578 desiderium
1240 1533 1472 1594 quatinus
1495 1533 1720 1592 regimen
1757 1533 1822 1580 de
1859 1534 2072 1593 collegio
2114 1536 2190 1580 est
2228 1533 2365 1595 quod

323 1596 485 1642 nullus
509 1598 803 1655 coniugatus
827 1595 1010 1642 habeat
1032 1596 1236 1658 aliquod
1259 1597 1483 1655 regimen
1516 1596 1738 1652 131111113,9
1759 1597 1850 1643 sed
1873 1598 1996 1644 socii
2021 1597 2214 1654 domus,
2239 1598 2364 1643 sicut

324 1661 594 1721 antiquitus
617 1661 850 1705 vsitatum
880 1664 956 1706 est
980 1678 989 1716 ;
1039 1675 1154 1706 113111
1190 1675 1280 1719 per
1319 1660 1603 1716 Redburne,
1641 1661 1726 1721 qui
1765 1676 1898 1708 nunc
1934 1661 2087 1708 habet
2125 1661 2360 1720 regimen,

325 1723 590 1782 collegium
608 1737 842 1783 magnum
867 1725 917 1769 in
941 1723 1074 1770 fama
1097 1727 1147 1770 et
1170 1724 1370 1769 cibariis
1393 1723 1578 1783 patitur
1602 1723 1969 1771 detrimentum.

454 1788 582 1833 Item
606 1788 728 1833 dicit
753 1787 817 1834 de
841 1788 1037 1833 statutis
1061 1802 1161 1833 non
1184 1788 1326 1833 lectis
1349 1786 1626 1833 secundum
1651 1790 1835 1834 statuta
1856 1791 1909 1834 vt
1932 1803 2094 1849 supra.

455 1852 582 1896 Item
605 1852 731 1910 petit
753 1854 806 1896 vt
831 1851 1102 1897 Redburne
1126 1851 1431 1910 respondeat
1455 1851 1667 1897 detectis
1685 1866 1834 1911 super
1852 1867 1966 1898 eum
1983 1867 2073 1912 per
2091 1851 2362 1898 scedulam.

451 1915 578 1960 Item
601 1914 723 1961 dicit
747 1914 812 1961 de
835 1915 997 1960 missis
1020 1929 1112 1974 pro
1136 1928 1255 1974 rege
1286 1917 1335 1960 et
1359 1914 1625 1960 fundatore
1650 1918 1698 1961 et
1723 1917 1828 1962 eius
1851 1916 1994 1962 obitu
2017 1930 2117 1962 11011
2141 1915 2365 1971 seruatis,

324 1980 377 2024 vt
400 1993 561 2037 supra.

454 2042 582 2087 Item
606 2041 729 2088 dicit
752 2041 816 2088 de
839 2044 1037 2088 vestuta
1059 2044 1224 2089 aretro
1248 2043 1505 2097 existente,
1530 2044 1583 2087 vt
1606 2057 1769 2102 supra.

455 2106 582 2151 Item
627 2105 750 2151 dicit
773 2105 909 2167 quod
943 2107 1131 2167 absque
1165 2106 1382 2152 sciencia
1416 2107 1667 2151 sociorum
1701 2107 1936 2165 magister
1969 2104 2235 2152 vendidit1⁰
2268 2119 2364 2152 cxx

323 2170 574 2231 quarteria
596 2168 758 2215 brasei
781 2169 847 2215 ad
869 2169 969 2216 xld.
1040 2170 1169 2215 Petit
1191 2170 1341 2228 igitur
1363 2172 1415 2215 vt
1449 2170 1684 2228 magister
1718 2170 1873 2216 nichil
1905 2172 2140 2230 operetur
2173 2170 2362 2230 absque

322 2233 668 2279 aduisamento
691 2233 939 2284 sociorum
962 2233 1176 2294 collegij.

454 2297 699 2342 Dominus
721 2296 943 2342 Thomas
968 2297 1209 2353 Nortone,
1229 2297 1504 2357 presbyter,
1525 2297 1689 2343 socius
1712 2299 1983 2357 perpetuus
2007 2296 2220 2356 collegii,
2241 2295 2364 2341 dicit

323 2360 459 2422 quod
485 2374 584 2406 non
609 2363 684 2406 est
707 2360 1017 2406 satisfactum
1040 2361 1190 2406 sociis
1212 2361 1277 2407 de
1300 2360 1563 2420 stipendiis
1586 2361 1687 2405 suis
1709 2361 1759 2406 in
1782 2361 2008 2406 terminis
2029 2363 2082 2405 vt
2105 2373 2267 2419 supra.

452 2424 579 2469 Item
603 2423 725 2469 dicit
742 2423 807 2470 de
827 2424 1097 2470 Redburne
1115 2426 1167 2470 vt
1189 2438 1338 2483 supra
1355 2438 1445 2483 per
1462 2423 1586 2469 alios
1603 2423 1862 2484 deponunt
1879 2422 2018 2480 alii,ll
2035 2426 2086 2469 et
2102 2422 2364 2483 presertim

323 2487 460 2549 quod
483 2501 584 2533 non
608 2489 684 2533 est
706 2487 839 2533 vtilis
862 2487 1075 2547 collegio
1099 2488 1150 2533 in
1174 2487 1322 2533 nullo.

452 2551 579 2597 Item
603 2551 725 2597 dicit
748 2551 885 2612 quod
907 2551 991 2597 vbi
1014 2566 1104 2611 per
1126 2553 1311 2596 statuta
1333 2550 1578 2597 haberent
1601 2551 1761 2596 solum
1783 2551 1834 2596 in
1858 2549 2071 2610 collegio
2094 2564 2124 2595 v
2148 2549 2364 2595 seruien-

322 2618 397 2661 tes
431 2615 692 2669 seculareS,
717 2615 816 2660 iam
850 2615 1036 2660 etenim
1070 2615 1259 2661 habent
1291 2615 1392 2675 viij,
1415 2614 1650 2661 videlicet
1673 2629 1824 2660 vnum
1848 2613 2189 2669 senescallum,
2213 2627 2364 2658 vnum

320 2680 628 2750 pincernum‚
635 2678 668 2706 ¹²
690 2693 868 2724 cocum
892 2693 1005 2724 011111
1029 2679 1060 2739 ij
1088 2679 1180 2724 sub
1204 2693 1257 2725 se
1281 2681 1331 2724 et
1354 2680 1594 2738 pistorem
1618 2693 1731 2724 cum
1749 2692 1847 2724 vno
1871 2679 2126 2733 seruitore,
2147 2679 2197 2723 et
2213 2690 2365 2722 vnum

321 2757 549 2802 prouisoi
553 2757 633 2788 em
656 2743 740 2804 qui
764 2745 814 2788 et
838 2743 1157 2788 barbitonsor
1179 2745 1267 2788 est.

451 2807 577 2852 Item
614 2805 737 2852 dicit
775 2806 912 2868 quod
952 2806 1035 2851 vbi
1072 2807 1214 2852 annis
1254 2806 1504 2866 preteritis
1543 2804 1893 2852 sufficiebant1³
1926 2805 2021 2851 sibi
2045 2819 2137 2864 pro
2160 2817 2293 2849 anno
2315 2805 2365 2848 et

319 2869 506 2915 11111111114
529 2870 833 2931 quarterium
850 2870 976 2916 vltra
999 2873 1163 2916 certus
1181 2885 1414 2916 numerus
1432 2870 1644 2930 piscium
1668 2869 1909 2915 salsorum
1928 2873 1977 2915 et
1995 2868 2245 2922 durorum,
2264 2866 2362 2911 iam

319 2933 492 2979 vltimo
516 2947 648 2979 anno
672 2934 965 2980 emebantur
989 2933 1155 2994 plures
1180 2934 1327 2980 solito
1351 2947 1440 2993 per
1465 2934 1723 3010 sexaginta
1756 2934 1920 3010 pisces
1954 2932 2123 3009 531505,
2078 2930 2234 3010 *qui
2257 2943 2362 2974 om-

421 3026 434 3050 1
463 3029 558 3064 δίει
590 3026 648 3063 for
667 3027 825 3074 collegato.

419 3079 523 3115 2ult
548 3078 762 3116 cancelled.

419 3128 436 3152 ³
462 3130 500 3166 in
528 3129 741 3167 cancelled.

419 3180 435 3203 ⁴¹
462 3182 524 3218 Sic
543 3194 556 3216 .·
583 3181 651 3219 but
671 3193 794 3217 mense
811 3181 952 3219 should
972 3181 1165 3231 probably
1183 3178 1232 3220 b'e
1252 3193 1392 3219 mensa.

420 3231 436 3255 ⁵
464 3234 501 3268 in
528 3232 742 3270 cancelled.

420 3282 436 3306 ⁶
461 3284 550 3320 illas
577 3283 792 3321 cancelled.

419 3334 436 3358 '⁷
461 3341 502 3371 vt
527 3335 743 3372 cancelled.

422 3384 438 3408 ⁸
464 3387 522 3423 ali
545 3387 759 3424 cancelled.

421 3436 438 3460 ⁹
464 3437 529 3475 Sic
548 3451 561 3474 .·
587 3437 645 3475 for
661 3437 818 3485 familie
836 3450 879 3475 or
894 3438 1119 3486 familiare.

406 3487 437 3511 ²⁰
462 3489 505 3533 vj
519 3487 734 3526 cancelled.

407 3539 436 3562 Π
464 3540 534 3576 Sic
550 3554 563 3576 .·
589 3545 630 3576 vt
645 3546 762 3589 supra
775 3546 847 3589 per
865 3541 963 3578 alios
981 3540 1180 3590 deponitur
1198 3540 1232 3578 is
1252 3548 1401 3578 meant.

407 3590 439 3615 ²2
466 3592 555 3628 Sic:
585 3590 644 3628 for
656 3593 897 3640 pincernam.

410 3640 440 3665 ¹³
467 3643 542 3680 Sic.

408 3693 439 3717 ²⁴²
467 3693 526 3731 Sic
545 3708 558 3730 :
575 3699 651 3743 per
669 3692 849 3730 omitted.

420 3756 432 3779 ¹
461 3756 558 3794 This
575 3769 748 3794 assumes
767 3756 849 3795 that
870 3769 995 3794 mense
1014 3758 1113 3796 isan
1132 3770 1237 3796 error
1258 3757 1317 3796 for
1335 3769 1477 3794 mensa.
1550 3757 1637 3795 The
1666 3756 1776 3795 fruits
1804 3756 1849 3794 of
1871 3757 1937 3794 the
1965 3755 2112 3794 church
2139 3753 2283 3792 should
2309 3765 2361 3803 go

319 3809 489 3847 towards
507 3808 715 3858 providing
734 3821 757 3846 a
775 3820 959 3846 common
978 3810 1083 3847 table
1102 3809 1160 3847 for
1179 3810 1232 3847 all
1251 3821 1260 3845 :
1289 3809 1442 3847 instead
1460 3808 1506 3846 of
1526 3809 1618 3853 this,
1640 3809 1734 3857 they
1752 3821 1853 3846 were
1871 3807 2032 3858 applied
2057 3814 2099 3845 to
2127 3806 2240 3845 other
2260 3817 2361 3850 uses,

319 3859 397 3902 and
417 3859 483 3899 the
502 3860 652 3899 fellows
671 3859 763 3914 paid
780 3860 862 3898 60s.
883 3861 993 3906 each,
1015 3860 1302 3915 three-eighths
1319 3861 1364 3900 of
1386 3860 1487 3902 their
1505 3860 1677 3912 stipend,
1699 3861 1758 3898 tor
1777 3859 1877 3899 their
1895 3859 2031 3900 board.
