2476 4412
293 465 412 522 lxiv
968 457 1058 514 IN
1065 449 1641 512 TRODUCTION

418 625 481 669 de
505 621 698 668 Sleford
721 620 993 680 penultimo
1017 617 1099 663 die
1124 614 1312 670 Marcii,
1337 626 1468 659 anno
1494 610 1695 657 Domini
1719 617 1967 656 m⁰cccc¹¹¹⁰
2006 611 2306 674 quinquage-

414 689 540 731 simo
571 700 622 730 se
641 683 812 729 wtimo)
832 683 846 710 ¹

413 750 519 795 The
542 701 700 794 abdve
723 747 850 792 form
873 759 975 790 was
998 741 1237 788 intended
1256 740 1334 785 for
1351 738 1586 797 ordinary
1608 738 1868 783 occasions
1890 755 1899 794 ;
1935 738 2023 783 but
2047 739 2096 784 in
2121 741 2307 798 special

289 827 426 859 cases
450 826 585 857 more
610 809 824 856 detailed
848 808 1001 853 forms
1023 820 1155 851 were
1189 802 1469 862 employed.
1539 800 1605 846 Of
1643 801 1863 860 peculiar
1899 801 2105 847 interest
2143 803 2184 848 is
2219 804 2306 850 the

290 876 518 921 mandate
542 873 704 919 issued
728 873 792 932 by
816 870 1039 917 Alnwick
1063 868 1234 913 before
1259 867 1335 911 his
1359 865 1610 910 visitation
1634 865 1684 909 in
1713 863 1845 924 1446,
1871 864 1923 909 of
1955 865 2041 911 the
2064 867 2304 924 proceed-

288 940 397 997 ings
419 942 468 984 at
490 937 652 982 which
678 951 752 981 we
778 935 901 980 have
924 949 952 979 a
975 932 1062 977 full
1085 930 1288 989 report.²
1355 929 1411 973 In
1434 928 1519 973 the
1544 927 1799 986 preamble
1823 927 1887 973 he
1909 928 2050 973 takes
2073 931 2306 976 occasion

286 1007 338 1047 to
374 1004 623 1046 comment
656 1003 705 1044 at
738 997 907 1056 length
943 1010 1076 1055 upon
1111 995 1196 1039 the
1230 991 1414 1052 special
1459 1004 1636 1036 reason
1672 990 1751 1036 tor
1785 1005 1814 1036 a
1848 991 2100 1037 visitation
2137 992 2304 1039 which

287 1079 445 1110 seems
468 1067 519 1108 to
544 1063 667 1108 have
691 1063 816 1107 been
840 1060 1159 1112 undertaken,
1186 1060 1272 1102 not
1294 1070 1348 1100 as
1372 1057 1481 1114 part
1504 1053 1557 1099 of
1591 1068 1620 1099 a
1642 1054 1844 1112 general
1867 1055 2120 1101 visitation
2143 1056 2196 1102 of
2219 1057 2305 1102 the

287 1128 485 1172 diocese
529 1141 583 1171 or
627 1125 1011 1182 archdeaconry,
1058 1123 1145 1166 but
1189 1135 1242 1165 as
1280 1134 1342 1164 an
1397 1119 1576 1176 urgent
1630 1132 1857 1164 measure
1901 1133 2037 1178 upon
2083 1120 2145 1164 its
2189 1134 2304 1166 own

285 1189 529 1236 account.³

533 1251 822 1304 Willelmus,
847 1249 1171 1308 permissione
1205 1245 1373 1291 diuina
1410 1244 1771 1290 Lincolniensis
1806 1246 2085 1304 episcopus,
2118 1246 2305 1293 dilecto

409 1317 458 1360 in
504 1315 700 1360 Christo
744 1313 844 1358 filio
887 1313 1054 1357 abbati
1100 1309 1384 1355 monasterii
1429 1308 1493 1353 de
1539 1308 1707 1367 Burgo
1752 1309 1910 1354 sancti
1953 1309 2098 1366 Petri,
2135 1313 2304 1356 nostre

410 1379 634 1432 diocesis,
673 1377 892 1430 salutem,
929 1375 1145 1434 graciam
1185 1376 1233 1418 et
1273 1371 1698 1418 benediccionem.
1791 1372 2032 1418 Dolentes
2072 1374 2217 1418 nimis
2254 1377 2303 1419 et

408 1443 609 1486 anxiose
634 1440 888 1486 referimus
911 1439 1059 1499 quod,
1085 1439 1209 1482 sicut
1232 1436 1363 1481 fama
1386 1435 1586 1494 publica
1609 1439 1658 1481 et
1681 1450 1848 1481 rumor
1870 1436 2062 1482 validus
2085 1437 2304 1498 factique

409 1506 688 1559 notorietas,
713 1505 780 1548 ita
813 1505 861 1547 in
896 1501 1147 1561 publicum
1181 1499 1485 1559 prodeuntes
1518 1498 1654 1560 quod
1686 1500 2106 1557 tergiuersacione
2138 1501 2303 1562 aliqua

408 1568 555 1613 celari
594 1582 691 1612 non
727 1570 945 1626 possunt,
984 1579 1035 1610 se
1072 1564 1270 1617 habent,
1308 1564 1358 1607 in
1398 1562 1534 1607 dicto
1573 1563 1889 1618 monasterio,
1914 1563 1965 1608 in
1994 1578 2093 1624 quo
2126 1564 2302 1623 religio

408 1631 591 1675 dudum
619 1630 792 1675 florere
817 1629 1085 1676 consueuit.
1111 1629 1218 1686 ipsa
1250 1627 1347 1671 iam
1381 1625 1700 1684 impudenter
1733 1626 1929 1672 abiecta
1960 1628 2043 1672 vix
2074 1627 2209 1686 viget
2231 1628 2300 1674 ibi

408 1695 599 1752 signum
636 1694 712 1738 cui
749 1692 1071 1751 responderet
1108 1692 1368 1749 signatum.
1453 1690 1529 1734 Ibi
1563 1689 1729 1747 vigilie
1763 1690 1994 1745 serotine,
2029 1705 2299 1737 commesa-

409 1759 576 1802 ciones
600 1760 711 1815 post
735 1756 1123 1815 completorium,
1149 1753 1535 1812 sompnolencie,
1561 1753 1768 1812 pigricie
1801 1756 1852 1798 et
1883 1752 1978 1798 alia
2009 1754 2150 1813 plura
2173 1754 2302 1800 mala

407 1821 584 1881 quibus
606 1835 721 1865 vera
744 1820 915 1878 religio
939 1819 1266 1876 corrumpitur
1290 1820 1338 1862 et
1369 1816 1534 1862 exulat
1557 1819 1767 1875 regnant
1799 1819 1849 1862 et
1883 1816 2214 1874 dominantur,
2240 1833 2302 1864 ex

413 1882 662 1944 [quibus]⁴
695 1883 977 1928 claustrales
1011 1881 1347 1936 obseruancie,
1382 1879 1648 1936 refectorii,
1685 1880 1901 1936 oratorii,
1937 1880 2215 1927 dormitorii
2252 1886 2302 1927 et

408 1951 571 1992 cetera
595 1961 690 2007 que
723 1947 946 2004 religioni
980 1948 1254 2003 congruunt
1288 1945 1337 1988 in
1371 1944 1677 1990 obliuionem
1699 1947 1981 2003 verguntur,
2007 1945 2301 2006 obsequium

408 2010 627 2055 diuinum
653 2010 879 2054 diurnum
903 2010 1085 2068 pariter
1108 2011 1157 2053 et
1188 2010 1482 2053 nocturnum
1515 2022 1606 2066 per
1641 2007 1910 2066 ingluuiem
1945 2011 1995 2053 et
2031 2009 2298 2068 ingurgita-

408 2075 601 2119 cionem
625 2073 928 2131 necgligitur‚
954 2072 1341 2131 temporaliaque
1365 2071 1498 2116 bona
1522 2070 1642 2117 dicti
1666 2072 1966 2128 monasterii,
1993 2072 2099 2117 sine
2121 2073 2300 2133 quibus

407 2138 456 2181 in
480 2137 716 2194 religione
744 2136 981 2194 degentes
1004 2137 1168 2181 viuere
1202 2149 1301 2180 non
1335 2137 1556 2194 possunt,
1591 2149 1681 2193 per
1714 2135 1951 2180 inerciam
1975 2138 2025 2180 et
2058 2135 2297 2181 incuriam

407 2199 769 2258 presidencium
793 2203 841 2244 et
863 2199 1209 2244 officiariorum
1228 2199 1513 2244 monasterii
1537 2199 1676 2259 quasi
1694 2198 1759 2243 ad
1782 2198 2020 2244 nichilum
2045 2198 2297 2244 deducun-

408 2270 514 2317 tur;
571 2263 688 2307 dum
733 2263 950 2322 compoti
995 2263 1446 2308 administratorum
1491 2261 1767 2308 eorundem
1811 2262 1862 2307 in
1906 2263 2157 2307 communi
2201 2276 2299 2307 non

407 2326 712 2376 exhibentur,
759 2340 850 2371 nec
895 2326 1231 2371 iniuncciones
1266 2340 1355 2384 per
1394 2340 1486 2371 nos
1521 2326 1570 2370 in
1610 2326 1770 2384 prima
1806 2329 1974 2371 nostra
2009 2325 2300 2371 visitacione

407 2390 527 2434 inibi
551 2390 764 2434 exercite
788 2393 835 2434 et
858 2389 988 2435 facte
1012 2390 1349 2435 obseruantur.
1420 2390 1496 2434 Ex
1520 2389 1700 2450 quibus
1723 2389 1865 2434 malis
1901 2392 1951 2434 et
1983 2389 2092 2435 aliis
2115 2404 2210 2450 que
2234 2390 2300 2434 ob

408 2454 554 2497 vestri
610 2454 890 2498 monasterii
946 2453 1256 2498 honestatem
1301 2453 1383 2498 hic
1436 2454 1715 2508 reticemuS‚
1772 2455 1822 2498 et
1875 2453 1968 2497 nisi
2025 2453 2300 2498 remedium

408 2516 636 2561 celerime
670 2520 957 2575 apponatur,
982 2517 1210 2562 timemus
1243 2516 1379 2578 quod
1417 2531 1478 2562 ex
1513 2516 1768 2562 verisimili
1804 2515 1926 2561 illud
1965 2515 2212 2561 famosum
2251 2519 2301 2561 et

406 2580 532 2623 inter
576 2582 739 2624 cetera
783 2580 926 2624 huius
969 2581 1107 2638 regni
1152 2581 1346 2638 insigne
1389 2580 1655 2626 cenobium
1705 2582 1936 2634 vestrum,
1981 2579 2118 2640 quod
2166 2580 2302 2625 Deus

406 2644 607 2697 auertat,
632 2643 681 2687 in
712 2643 947 2687 nichilum
982 2643 1263 2702 redigetur3
1299 2644 1414 2704 quia
1447 2643 1584 2704 quod
1618 2642 1808 2688 dudum
1843 2643 2041 2689 decoris
2075 2646 2180 2689 era't
2203 2644 2300 2689 iam

405 2706 542 2765 quasi
586 2706 676 2750 toti
715 2706 892 2751 vicinie
934 2705 1311 2767 [de]ducit[ur]
1356 2708 1406 2752 in
1446 2707 1666 2753 fabulam
1702 2710 1751 2752 et
1788 2706 2092 2754 scandalum.
2183 2707 2299 2752 Non

406 2768 641 2813 valentes⁵
685 2770 844 2827 igitur,
879 2770 1020 2815 sicuti
1055 2785 1147 2816 nec
1185 2771 1439 2825 debemus,
1473 2771 1790 2816 consciencia
1826 2773 1876 2816 et
1912 2785 2029 2817 cura
2065 2770 2301 2829 pastorali

406 2845 496 2876 nos
527 2833 824 2890 vrgentibus,
860 2834 977 2894 quin
1012 2833 1372 2890 descendamus
1408 2837 1456 2880 et
1491 2834 1749 2880 videamus
1785 2835 1825 2879 si
1868 2833 2109 2895 [clamor]
2149 2847 2302 2893 opere

407 2894 723 2952 compleatur,
780 2895 1088 2941 decreuimus
1153 2912 1299 2956 super
1364 2899 1619 2957 premissis
1676 2901 1726 2943 et
1780 2897 1889 2943 aliis
1943 2897 2124 2943 statum
2179 2897 2300 2943 dicti

406 2959 700 3012 monasterii,
735 2960 817 3019 qui
857 2963 907 3004 vt
942 2960 1206 3018 plurimum
1251 2961 1535 3020 predicatur
1580 2961 1804 3021 dilapsus
1847 2963 1936 3016 est,
1982 2961 2302 3020 tangentibus

406 3021 651 3080 inquirere
695 3024 743 3066 et
786 3022 1004 3081 collapsa
1047 3024 1096 3068 in
1135 3058 1144 3068 .
1185 3059 1193 3068 .
1233 3059 1242 3069 .
1281 3061 1288 3070 .
1326 3025 1598 3071 reformare
1647 3062 1656 3071 .
1705 3025 1951 3084 Quocirca
1994 3038 2084 3070 vos
2126 3027 2301 3070 tenore

406 3084 714 3142 presencium
747 3087 1079 3144 peremptorie
1113 3088 1333 3143 citamuS,
1359 3091 1408 3134 et
1432 3103 1520 3148 per
1543 3103 1632 3134 vos
1655 3102 1827 3134 omnes
1851 3091 1900 3134 et
1923 3087 2143 3147 singulos
2179 3088 2300 3133 dicti

407 3148 687 3191 monasterii
712 3150 1111 3205 commonachos
1137 3151 1411 3197 confratres
1441 3155 1491 3197 et
1525 3166 1795 3198 conuersos
1828 3152 1969 3197 citari
2002 3151 2228 3197 volumus
2252 3154 2302 3197 et

407 3209 498 3253 sub
522 3223 648 3267 pena
672 3215 983 3271 contemptus
1007 3214 1311 3270 mandamus,
1327 3215 1463 3276 quod
1486 3216 1816 3275 compareatis
1832 3217 1881 3261 et
1899 3229 2070 3261 eorum
2093 3215 2302 3276 quilibet

407 3276 690 3330 compareat
713 3288 877 3319 coram
902 3276 1044 3320 nobis
1077 3280 1159 3322 aut
1193 3279 1543 3324 commissariis
1577 3280 1759 3325 nostris
1782 3293 1879 3325 vno
1902 3278 1981 3324 vel
2003 3278 2228 3338 pluribus
2250 3278 2301 3323 in

407 3334 556 3380 domo
579 3337 833 3394 capitulari
858 3338 977 3383 dicti
1001 3342 1285 3386 monasterii
1310 3341 1391 3387 die
1422 3343 1616 3388 sabbati
1650 3345 1765 3402 post
1797 3342 1979 3389 festum
2015 3342 2302 3388 Natiuitatis

407 3397 550 3442 beate
606 3398 761 3444 Marie
805 3401 1006 3456 virginis
1051 3405 1274 3461 proxime
1318 3405 1415 3450 iam
1473 3406 1709 3452 futurum⁶
1762 3421 1874 3452 cum
1920 3406 2302 3452 continuacione

384 3498 395 3521 ¹
424 3499 509 3536 The
529 3500 619 3538 date
638 3501 679 3537 of
702 3501 768 3538 the
789 3502 973 3540 mandate
992 3517 1041 3541 on
1060 3505 1111 3542 fo.
1132 3514 1178 3552 77
1200 3506 1232 3543 is
1251 3519 1258 3542 :
1287 3506 1392 3544 Data
1411 3510 1452 3545 in
1472 3511 1640 3546 manerio
1657 3515 1780 3547 nostro
1797 3509 1842 3546 de
1860 3508 2068 3557 Lydington
2086 3508 2151 3545 sub
2175 3510 2304 3556 sigillo

280 3557 413 3637 nostrai
418 3550 470 3587 ad
483 3564 612 3589 causas
629 3552 803 3597 xvizjdie
821 3554 995 3600 Augusti,
1014 3569 1109 3594 anno
1141 3558 1308 3596 Domini
1337 3564 1394 3595 m⁰
1424 3559 1668 3605 cccclxxiijeio
1696 3567 1732 3598 et
1761 3566 1883 3598 nostre
1914 3562 2181 3599 translacionis
2206 3573 2304 3598 anno

276 3614 383 3639 secun
411 3614 443 3638 o.

378 3651 395 3674 ²
421 3652 495 3689 See
512 3664 575 3689 no.
595 3661 647 3688 LX
668 3653 805 3690 below.

376 3701 391 3725 ³
420 3702 516 3750 Reg.
541 3703 942 3755 Assheton-Ramsey‚
961 3707 1010 3745 fo.
1039 3717 1080 3755 19
1101 3710 1177 3746 and
1197 3710 1232 3748 d.

372 3753 390 3825 ἒ
414 3753 500 3839 §be
518 3763 600 3841 ῐὶῗξῑ
619 3754 783 3841 islmttxch
803 3757 950 3793 rubbed
969 3757 1060 3796 here
1077 3760 1152 3796 and
1172 3761 1395 3810 elsewhere,
1414 3763 1540 3802 where
1558 3764 1626 3802 the
1645 3765 1799 3815 margin
1817 3765 1849 3803 is
1867 3764 2129 3813 dog's-eared.

456 3818 473 3841 c
490 3818 498 3840 :
610 3818 652 3841 vo
670 3819 712 3841 en
731 3818 778 3843 es.

371 3853 386 3878 ⁶
412 3854 495 3900 l.e.,
521 3865 564 3892 10
585 3854 705 3905 Sept„
730 3859 835 3904 1446.
