2488 4296
259 374 371 414 102
712 353 1199 413 ALNWICK'S
1282 353 1844 415 VISITATIONS

257 518 308 560 et
342 514 566 560 similiter
602 515 652 559 in
687 513 858 558 Vltima
894 515 1050 558 estate
1086 515 1136 558 et
1172 514 1329 559 estate
1365 513 1536 559 Vltima
1570 513 1635 559 ad
1657 528 1877 571 annum3
1913 517 1963 560 et
1985 515 2138 576 qu0d1
2161 515 2296 561 idem

256 578 509 640 Johannes
533 577 659 622 dixit
681 577 761 622 isti
785 577 915 632 testi,
939 575 1175 621 audiente
1199 576 1336 622 dicto
1359 579 1586 623 conteste
1608 592 1704 635 suo,
1729 578 1866 639 quod
1889 578 2107 639 quedam
2130 579 2296 638 proles

258 642 392 687 dicte
427 641 634 700 Agnetis
671 640 910 695 Barbour,
936 639 1138 684 nomine
1173 639 1408 696 Thomas,
1434 640 1526 685 fuit
1561 640 1689 686 filius
1726 642 1847 687 dicti
1883 642 2073 687 domini
2100 642 2297 688 Thome

260 704 520 760 Peceham,
568 707 618 749 et
671 703 808 764 quod
865 703 988 748 idem
1039 702 1295 748 Redburne
1338 703 1517 762 potuit²
1560 705 1754 763 cepisse
1805 705 1994 750 dictum
2038 705 2296 751 dominum

260 768 529 814 Ricardum
553 767 762 812 Vautort
792 769 841 812 et
875 766 1062 811 dictam
1099 767 1385 812 Emmotam
1409 767 1554 812 simul
1577 770 1815 814 coeuntes
1838 769 1888 813 in
1911 768 2144 814 herbario
2167 767 2298 814 infra

255 831 519 891 gardinum
564 831 686 875 dicti
730 830 970 890 Johannis
1011 830 1230 889 Butery;
1276 833 1327 876 et
1371 831 1530 876 eciam
1575 831 1673 876 hoc
1716 831 1905 887 addito,
1951 832 2088 893 quod
2134 832 2298 878 dictus

254 895 508 956 Johannes
544 894 815 940 Redburne
849 893 975 939 dixit
1007 893 1088 938 isti
1111 894 1240 949 testi,
1258 893 1499 939 ⁴audiente
1523 893 1661 940 dicto
1683 898 1910 940 conteste
1934 909 2037 952 suo,
2062 896 2296 955 tempori-

257 960 349 1004 bus
385 958 451 1003 et³
489 957 602 1003 loco
643 957 898 1017 predictis,
945 956 1082 1018 quod
1116 957 1225 1016 ipse
1268 956 1404 1002 idem
1443 957 1696 1018 Johannes
1743 958 2014 1004 Redburne
2059 960 2298 1018 cognouit

257 1022 519 1068 carnaliter
557 1020 805 1080 Agnetem
844 1020 1087 1065 Stonham
1124 1020 1189 1065 de
1231 1020 1270 1066 F
1271 1019 1627 1082 oderynghey;
1669 1024 1719 1067 et
1757 1021 1880 1067 dicit
1918 1022 2056 1083 quod
2087 1037 2190 1068 non
2224 1025 2299 1068 est

257 1083 447 1131 ornata⁴
470 1099 634 1144 prece,
660 1085 844 1143 precio,
870 1083 1056 1139 fauore,
1082 1083 1200 1129 odio
1224 1083 1303 1129 vel
1324 1084 1519 1129 timore.

386 1158 631 1203 Dominus
663 1156 916 1219 Johannes
952 1157 1159 1214 Palmer,
1185 1157 1349 1202 socius
1381 1156 1594 1216 collegii,
1619 1158 1878 1217 presbiter,
1905 1159 2049 1204 etatis
2072 1159 2122 1204 lx
2144 1173 2296 1206 anno·

255 1236 365 1267 rum
388 1224 439 1267 et
460 1221 685 1280 amplius,
710 1221 867 1266 libere
890 1220 1204 1266 condicionis
1227 1223 1277 1266 et
1311 1220 1443 1266 bone
1467 1220 1612 1278 fame,
1638 1224 1690 1266 vt
1713 1222 1849 1277 dicit,
1873 1223 2016 1268 testis
2038 1222 2297 1277 admissus,

255 1286 441 1330 iuratus
465 1288 515 1331 et
537 1299 686 1345 super
709 1285 965 1344 premissis
989 1284 1255 1344 diligenter
1288 1284 1566 1345 requisitus,
1593 1284 1715 1330 dicit
1747 1285 1884 1347 quod
1918 1286 2012 1332 hec
2046 1286 2237 1332 audiuit
2269 1301 2299 1332 a

257 1349 405 1395 dictis
428 1348 685 1394 Willelmo
711 1348 1010 1394 Puttenham
1034 1351 1083 1393 et
1115 1348 1344 1409 Johanna
1366 1362 1520 1394 vxore
1543 1363 1644 1406 sua,
1669 1348 1760 1395 sed
1795 1349 2061 1395 nullatinus
2094 1350 2158 1396 ab
2192 1351 2304 1410 ipso

255 1412 483 1474 Johanne
513 1412 796 1458 Redburne.
867 1412 912 1457 N
919 1426 983 1457 on
1009 1414 1083 1457 est
1107 1414 1383 1471 corruptus,
1409 1414 1500 1458 etc.

387 1489 637 1534 Henricus
678 1488 967 1548 Clampayn‚
1014 1487 1225 1533 clericus
1269 1500 1542 1546 generosus
1587 1487 1708 1534 dicti
1753 1488 1965 1548 collegii,
2013 1490 2159 1536 etatis
2202 1490 2305 1535 xxii

256 1567 501 1598 annorum
540 1556 589 1598 et
628 1552 853 1611 amplius,
895 1552 1051 1597 liber'e
1088 1551 1400 1597 condicionis
1441 1554 1491 1597 et
1531 1551 1663 1598 bone
1703 1551 1850 1609 fame,
1891 1556 1944 1598 vt
1984 1553 2118 1610 dicit,
2164 1554 2306 1599 testis

255 1615 502 1661 admissus
536 1620 586 1662 et
619 1617 806 1661 iuratus
831 1619 879 1661 et
913 1630 1062 1675 super
1085 1616 1339 1674 premissis
1364 1615 1630 1674 diligenter
1654 1617 1933 1677 requisitus,
1959 1617 2082 1663 dicit
2105 1631 2158 1663 se
2183 1632 2303 1662 nun-

256 1695 404 1742 quam
428 1679 627 1725 audisse
651 1679 840 1725 dictum
864 1679 1143 1740 Johannem
1171 1679 1440 1724 Redburne
1470 1677 1698 1740 [di]cere
1715 1695 1867 1725 vnum
1890 1680 2073 1726 malum
2096 1681 2303 1726 verbum

256 1745 320 1789 de
345 1743 492 1789 dictis
516 1743 732 1789 dominis
755 1743 953 1788 Thoma
979 1743 1209 1797 Pecham,
1239 1743 1455 1789 Ricardo
1483 1743 1690 1789 Vautort
1712 1747 1796 1789 aut
1818 1744 2014 1804 Agnete
2045 1744 2302 1790 Stonham.

258 1807 374 1853 Non
399 1810 474 1853 est
506 1811 783 1867 corruptus,
810 1810 902 1853 etc.

388 1881 630 1926 Ricardus
668 1886 719 1926 at
758 1880 942 1935 Wode,
986 1880 1148 1935 laicus,
1191 1879 1255 1926 de
1297 1879 1679 1940 Foderynghey,
1721 1882 1866 1926 etatis
1893 1881 1945 1927 lx
1977 1896 2220 1928 annorum
2255 1884 2306 1928 et

256 1945 482 2005 amplius,
507 1945 663 1990 libere
688 1944 1000 1990 condicionis
1025 1947 1074 1989 et
1098 1944 1230 1989 bone
1252 1943 1398 1999 fame,
1418 1948 1470 1989 vt
1494 1944 1628 2000 dicit,
1654 1945 1794 1990 testis
1817 1945 2076 2002 admissus,
2102 1946 2302 2001 iuratus,

258 2010 567 2054 examinatus
590 2023 739 2067 super
762 2007 858 2053 hiis
881 2022 1030 2067 super
1054 2009 1233 2069 quibus
1251 2009 1440 2066 primus
1465 2008 1703 2053 contestis
1727 2023 1843 2054 suus
1867 2008 1959 2054 fuit
1978 2010 2301 2066 examinatus,

258 2072 533 2118 concordat
557 2085 672 2118 cum
695 2073 925 2131 proximo
948 2075 1175 2117 conteste
1200 2086 1299 2117 suo.

384 2149 556 2205 Alicia,
582 2163 705 2194 vxor
731 2149 932 2194 Ricardi
956 2152 1005 2193 at
1028 2148 1198 2194 Wode
1222 2147 1286 2193 de
1314 2148 1695 2209 Foderynghey,
1721 2149 1865 2194 etatis
1892 2149 1943 2194 lx
1975 2164 2218 2195 annorum
2253 2151 2303 2194 et

256 2213 482 2273 amplius,
506 2213 663 2258 libere
688 2213 1000 2258 condicionis
1024 2215 1073 2257 et
1095 2212 1227 2257 bone
1250 2212 1396 2268 fame,
1415 2215 1468 2257 vt
1491 2212 1626 2268 dicit,
1651 2214 1793 2258 testis
1815 2212 2046 2271 admissa,
2071 2214 2230 2259 iurata
2253 2215 2302 2259 et

258 2277 524 2336 diligenter
563 2276 800 2337 requisita
839 2291 987 2335 super
1026 2275 1294 2334 premissis,
1335 2278 1445 2328 etc..
1487 2275 1610 2321 dicit
1648 2291 1702 2322 se
1741 2277 2012 2338 nunquam⁵
2051 2277 2302 2322 audiuisse

256 2342 434 2386 dictum
474 2339 742 2386 Iohannem
787 2340 1057 2385 Redburne
1096 2339 1213 2384 talia
1250 2339 1418 2384 dicere
1449 2357 1458 2396 ;
1494 2339 1585 2384 sed
1609 2339 1891 2401 dicitquod
1913 2355 2036 2386 vxor
2058 2340 2300 2386 Willelmi

260 2404 572 2461 Puttenham,
598 2404 837 2449 contestis
875 2418 975 2459 sua,
1014 2402 1182 2448 retulit
1211 2403 1293 2447 isti
1328 2403 1443 2448 testi
1481 2403 1607 2462 quod
1638 2402 1881 2449 Iohannes
1902 2403 2158 2454 Redburne
2179 2403 2301 2449 dixit

255 2468 375 2514 dicte
406 2467 628 2514 Iohanne
649 2467 767 2512 sicut
799 2468 829 2512 J
833 2466 1031 2512 ohanna
1054 2469 1199 2526 supra
1223 2466 1431 2525 deposuit
1454 2466 1518 2512 de
1543 2469 1780 2526 magistro
1804 2482 1962 2526 nuper
1985 2471 2035 2514 et
2058 2468 2297 2527 magistro

258 2547 402 2586 nunc,
429 2536 478 2577 et
502 2532 567 2577 de
589 2531 783 2590 Agnete
808 2530 1067 2576 Stonham⁶
1092 2547 1100 2586 ;
1137 2533 1186 2576 et
1209 2530 1351 2575 aliter
1375 2544 1476 2576 non
1500 2529 1719 2590 deponit.
1779 2531 1896 2576 Non
1919 2534 1995 2577 est
2016 2534 2262 2591 corrupta.

386 2596 540 2641 Lucia
566 2595 865 2640 Puttenham
884 2595 947 2640 de
969 2593 1319 2654 Foderynghe,
1338 2593 1502 2650 vidua,
1523 2596 1668 2640 etatis
1690 2594 1708 2639 l
1730 2609 1975 2640 annorum
2000 2598 2049 2641 et
2072 2595 2299 2654 amplius,

254 2659 411 2706 libere
429 2658 742 2705 condicionis
761 2662 809 2704 et
827 2659 960 2704 bone
978 2657 1124 2714 fame,
1145 2661 1196 2702 vt
1220 2657 1356 2713 dicit,
1377 2658 1517 2702 testis
1535 2658 1767 2715 admissa,
1786 2659 1944 2704 iurata
1963 2662 2012 2704 et
2035 2658 2300 2718 diligenter

256 2725 560 2782 interrogata
598 2737 746 2781 super
785 2721 880 2767 hiis
919 2736 1068 2781 super
1107 2722 1286 2782 quibus
1320 2722 1508 2780 primus
1547 2725 1597 2767 et
1619 2722 1841 2768 secunda
1864 2722 1930 2768 et⁷
1952 2725 2203 2768 contestes
2226 2722 2300 2768 sui

256 2787 456 2834 fuerunt
479 2786 759 2842 examinati,
786 2786 909 2832 dicit
932 2801 985 2831 se
1009 2800 1263 2846 nunquam
1286 2785 1486 2830 audisse
1509 2785 1697 2831 dictum
1725 2785 2004 2847 Johannem
2029 2786 2301 2832 Redburne

257 2852 521 2913 quicquam
544 2851 680 2911 loqui
705 2850 769 2896 de
792 2850 1030 2908 magistro
1055 2864 1187 2894 nunc
1210 2863 1303 2894 nec
1328 2848 1392 2894 de
1420 2849 1658 2908 magistro
1693 2864 1864 2908 nuper,
1889 2853 1975 2895 aut
2008 2850 2072 2896 de
2105 2849 2302 2909 Agnete

258 2915 512 2961 Stonham.
583 2914 719 2959 Dicit
752 2917 919 2959 tamen
954 2913 1092 2975 quod
1124 2911 1388 2968 Iohanna,⁸
1421 2927 1544 2957 vxor
1577 2913 1837 2959 Willelmi⁹
1873 2913 2186 2968 Puttenham,
2211 2911 2299 2958 filii

257 2979 397 3024 istius
430 2978 584 3033 testis,
610 2978 828 3023 narrauit
860 2977 941 3023 isti
975 2977 1091 3022 testi
1125 2979 1273 3036 prout
1305 2977 1414 3036 ipsa
1447 2976 1675 3037 Johanna
1698 2977 1925 3036 superius
1947 2977 2214 3037 deposuit;
2251 2978 2302 3022 et

257 3043 400 3088 aliter
424 3042 582 3087 nescit
605 3041 875 3101 deponere,
899 3044 952 3086 vt
975 3041 1112 3086 dicit.
1182 3040 1299 3085 Non
1323 3043 1398 3085 est
1422 3047 1669 3099 corrupta,
1695 3043 1789 3086 etc.

390 3104 507 3166 [Fo.
539 3103 639 3165 13.]
713 3105 866 3150 Facta
898 3104 991 3150 fuit
1024 3118 1237 3166 sequens
1271 3104 1579 3149 examinacio
1602 3104 1802 3150 testium
1826 3104 2185 3163 productorum
2207 3118 2300 3163 pro

258 3169 618 3216 informacione
664 3167 814 3214 officii
859 3167 1161 3214 reuerendi¹⁰
1203 3168 1254 3212 in
1294 3167 1495 3213 Christo
1540 3166 1734 3227 patris11
1773 3170 1823 3213 et
1863 3168 2067 3224 domini,
2109 3167 2300 3215 domini

362 3282 374 3305 1
396 3254 524 3333 proles
541 3254 701 3331 quedam
720 3282 935 3320 cancelled.

359 3333 445 3409 {po
463 3333 682 3421 cancelllssccli.

360 3436 376 3459 ⁴
401 3397 592 3475 ἒξεῖἃῖἒξ
600 3413 817 3475 subornata.

359 3487 375 3511 ⁵
400 3489 454 3526 οἰ·
469 3486 683 3524 cancelled.

356 3540 375 3616 (ζ
398 3539 499 3627 gnad-
511 3538 987 3628 Zffzrgtietgdcancelled.

358 3644 374 3668 8
403 3605 619 3679 Ιιζσῐέτίἱυεά
638 3642 762 3680 above
781 3619 910 3691 :Agnes
927 3644 1139 3682 cancelled.

358 3694 374 3718 9
401 3692 580 3732 Stonlzam
599 3692 817 3731 cancelled.

341 3746 373 3772 1⁰
399 3743 563 3782 Altered
587 3744 826 3794 apparently
844 3745 943 3783 from
961 3747 1226 3787 reuerendum.

343 3798 372 3823 Π
399 3795 563 3835 Altered
582 3796 817 3846 apparently
835 3797 935 3834 from
949 3805 1114 3849 patrem.
