2488 4296
241 359 361 413 109
700 337 1191 398 ALNWICK’S
1274 333 1842 398 VISITATIONS

241 513 440 544 camera
463 499 783 544 coniacentes
805 497 995 558 absque
1020 497 1231 543 licencia
1255 498 1489 557 magistri.
1561 497 1734 544 Credit
1774 511 2034 544 accessum
2073 497 2292 544 mulieris

242 562 372 607 illius
399 578 407 607 :
444 575 544 606 non
569 564 738 606 tamen
763 560 959 606 fatetur.

371 624 680 683 (Thurleby.)
751 623 894 669 Item¹
923 623 1156 668 dominus
1178 623 1462 669 Willelmus
1485 623 1743 684 Thurleby
1766 623 2010 670 redditus²
2032 627 2292 683 suspectus
2368 679 2373 685 ι
2460 614 2480 625 '⁴

242 702 391 747 super
414 687 660 732 adulterio
684 701 797 732 cum
820 701 974 732 vxore
997 686 1194 732 Thome
1216 687 1348 745 Page
1372 687 1436 732 de
1461 687 1652 742 eadem,
1678 702 1775 748 que
1799 687 1952 733 habet
1975 687 2290 748 frequentem

241 765 499 797 accessum
523 750 587 795 ad
612 764 862 795 cameram
885 750 1040 808 ipsius
1065 749 1255 795 domini
1279 750 1535 796 Willelmi.
1607 750 1734 796 Item
1774 750 1987 796 babetur
2025 754 2288 810 suspectus

243 829 357 860 cum
379 813 575 871 Agnete
598 813 857 871 Tapstere,
884 811 1196 871 clipsidraria
1219 813 1355 872 apud
1377 814 1426 873 ly
1449 813 1685 859 Tabarde
1716 813 2033 860 Stamfordie.

370 875 684 937 (Thurleby.)
754 875 895 922 Idem
944 875 1229 936 frequentat
1259 877 1492 922 tabernas
1516 876 1743 935 publicas
1765 877 1816 922 in
1841 876 1956 923 villa
1979 879 2154 923 contra
2176 891 2288 938 pro·

243 941 550 986 hibicionem
574 940 797 998 magistri
822 942 871 984 et
894 941 1191 984 statutorum
1213 941 1456 985 tenorem.

372 1002 605 1063 (White.)
690 1003 817 1048 Item
861 1003 1097 1060 magister
1140 1002 1394 1063 Johannes
1438 1001 1614 1048 White
1658 1017 1759 1049 non
1805 1004 2028 1064 sequitur
2079 1003 2290 1051 chorum

245 1066 517 1112 secundum
544 1065 682 1126 quod
704 1068 867 1110 artant
890 1080 1003 1111 eum
1028 1068 1223 1121 statuta,
1249 1068 1299 1111 et
1322 1080 1435 1111 cum
1459 1066 1652 1111 venerit
1674 1065 1740 1111 ad
1775 1066 1999 1122 chorum,
2025 1070 2291 1127 expectata

243 1130 399 1175 tercia
421 1129 646 1174 leccione
670 1130 719 1174 in
745 1129 1000 1174 matutinis
1024 1129 1125 1174 exit
1149 1129 1359 1174 chorum
1382 1132 1432 1174 et
1457 1128 1689 1174 discurrit
1712 1129 1778 1174 ad
1800 1131 1970 1175 vetita.

372 1191 729 1251 (Puttenham.)
799 1193 926 1238 Item
950 1191 1182 1237 dominus
1203 1191 1457 1253 Johannes
1495 1192 1808 1248 Puttenham,
1834 1193 2133 1240 inobediens
2156 1207 2289 1254 mag-

244 1257 366 1302 istro
388 1257 438 1301 in
463 1255 831 1301 monicionibus
861 1255 1007 1300 factis
1032 1254 1095 1301 de
1120 1269 1219 1300 non
1243 1255 1490 1311 exeundo,
1517 1255 1642 1301 dixit
1665 1256 1831 1314 palam
1856 1271 2024 1302 coram
2059 1258 2291 1304 omnibus

244 1320 407 1375 sociis,
435 1322 443 1341 ‘
467 1319 696 1373 Domine,
721 1318 939 1364 credatis
975 1333 1067 1377 pro
1092 1317 1236 1363 firmo
1259 1318 1397 1379 quod
1420 1321 1535 1378 post
1571 1319 1980 1365 interessenciam
2004 1320 2142 1366 horis
2175 1335 2288 1366 can-

245 1384 403 1429 onicis
426 1385 477 1428 et
500 1383 663 1437 misse,
687 1382 803 1427 volo
828 1383 963 1428 exire
987 1396 1287 1443 quocunque
1312 1384 1361 1428 et
1385 1383 1824 1444 quocienscunque
1849 1383 1932 1428 vbi
1966 1383 2134 1440 volui,³
2157 1384 2292 1430 nulla

243 1461 274 1491 α
297 1446 440 1491 vobis
464 1447 515 1491 in
539 1446 635 1491 hac
658 1448 800 1505 parte
823 1446 979 1504 petita
1002 1444 1241 1491 licencia.'

370 1508 655 1569 (Palmere.)
725 1509 852 1554 Item
877 1508 1109 1559 dominus
1132 1508 1386 1570 Johannes
1412 1508 1637 1555 Palmere
1660 1508 1863 1555 conficit
1885 1509 2220 1571 metheglyne‚
2242 1513 2292 1556 et

244 1574 311 1619 ob
347 1572 446 1618 hoc
482 1573 636 1618 habet
671 1572 979 1633 aliquociens
1015 1575 1240 1633 quatuor,
1267 1573 1487 1633 quinque
1522 1572 1602 1618 vel
1638 1587 1726 1618 sex
1770 1573 2002 1619 mulieres
2035 1589 2206 1620 secum
2239 1575 2290 1620 in

245 1651 456 1690 camera,
481 1636 790 1697 aliquociens
813 1650 960 1681 Vnam
985 1635 1155 1689 solam,
1182 1650 1243 1682 ex
1267 1650 1367 1696 quo
1391 1635 1596 1681 resultat
1619 1636 1853 1695 suspicio.

376 1699 493 1760 [Fo.
518 1698 660 1760 92d.]
734 1699 1089 1757 (Puttenham.)
1148 1699 1275 1744 Item
1300 1698 1533 1744 dominus
1555 1699 1808 1760 Johannes
1834 1700 2135 1746 Puttenham
2153 1701 2291 1747 stetit

243 1763 545 1809 senescallus
569 1763 782 1822 hospicii
807 1778 897 1822 per
920 1777 1071 1807 vnum
1096 1777 1280 1807 annum
1306 1779 1316 1808 ε
1352 1763 1515 1808 renuit
1538 1762 1739 1822 publice
1762 1763 1976 1809 reddere
1997 1767 2291 1823 compotum

245 1827 309 1872 de
333 1825 499 1872 officio
523 1826 622 1882 illo,
649 1841 738 1886 per
763 1827 1054 1885 magistrum
1078 1827 1345 1886 requisitus
1368 1826 1559 1871 vicibus
1582 1827 1785 1872 iteratis.
1857 1827 2060 1873 Fatetur
2099 1842 2152 1874 se
2187 1842 2288 1873 non

242 1889 538 1945 reddidisse,
565 1892 615 1935 et
637 1890 819 1949 allegat
842 1904 1043 1935 causam
1066 1892 1116 1934 vt
1141 1904 1204 1935 ex
1226 1893 1369 1949 parte
1391 1890 1591 1934 sinistra
1614 1890 1827 1948 proximi
1851 1890 1971 1936 folii.

372 1953 728 2011 (Puttenham.)
767 1953 894 1998 Item
918 1953 1053 1998 idem
1078 1953 1311 1998 dominus
1334 1953 1602 2013 Johannes,
1623 1967 1735 1998 cum
1762 1967 1862 1999 non
1887 1954 1950 1999 sit
1972 1954 2288 2007 autorizatus,

243 2017 585 2076 priuilegiatus
621 2020 706 2062 aut
741 2017 932 2071 missus,
973 2016 1174 2076 publice
1210 2016 1491 2075 predicauit
1527 2031 1641 2062 cum
1677 2017 1900 2062 themate
1939 2018 1989 2063 in
2013 2018 2203 2076 vulgari
2237 2019 2288 2063 in

244 2080 458 2126 ecclesia
493 2079 683 2125 ibidem
719 2079 937 2141 quadam
962 2080 1045 2125 die
1069 2080 1335 2135 dominica,
1361 2079 1595 2125 videlicet
1617 2080 1684 2139 xij
1711 2080 1795 2125 die
1833 2080 2010 2126 Marcii
2045 2081 2290 2140 proxime⁴

242 2144 424 2203 elapsa,
450 2146 656 2203 propter
679 2143 816 2205 quod
840 2143 979 2189 locus
1004 2145 1079 2188 est
1101 2143 1410 2195 interdictus,
1430 2144 1606 2203 etipse
1624 2145 1931 2189 sentenciam
1950 2146 2286 2190 excommuni-

244 2208 463 2253 cacionis
486 2207 786 2261 incurrebat,
813 2210 862 2252 et
886 2208 958 2252 sic
982 2206 1140 2252 eodem
1164 2207 1241 2251 die
1263 2210 1305 2252 et
1334 2206 1558 2265 pluribus
1582 2206 1704 2251 citra
1728 2206 1908 2252 diebus⁵
1931 2207 2204 2253 celebrauit
2238 2211 2288 2254 et

244 2270 477 2326 celebrat,
524 2270 939 2329 irregularitatem
983 2269 1302 2316 incurrendo.
1373 2270 1576 2316 Fatetur
1615 2270 2022 2329 predicacionem
2045 2288 2055 2317 ε
2106 2271 2290 2330 allegat

244 2334 520 2388 licenciam,
548 2333 612 2379 de
635 2349 733 2395 qua
757 2348 856 2379 non
882 2333 1044 2379 docet.
1131 2333 1300 2378 Habet
1324 2333 1594 2379 crastinum
1618 2334 1668 2378 in
1692 2333 1806 2380 loco
1829 2334 1940 2393 ipso
1964 2334 2048 2379 ad⁶
2069 2349 2285 2394 propon-

244 2398 429 2443 endum
468 2412 621 2458 quare
660 2412 761 2443 non
803 2397 988 2443 debeat
1026 2397 1346 2456 pronunciari
1391 2396 1675 2456 irregularis
1719 2399 1769 2442 et
1813 2397 1997 2456 priuari
2042 2397 2289 2444 beneficio

246 2461 457 2520 collegii.
2196 2489 2208 2503 t

375 2525 582 2584 (Omnes
605 2527 655 2570 et
694 2523 1028 2583 Puttenham.)
1101 2524 1227 2569 Item
1252 2523 1375 2569 dicit
1397 2523 1535 2585 quod
1558 2538 1734 2570 omnes
1757 2523 1821 2569 de
1846 2523 2059 2583 collegio
2083 2523 2288 2571 confed-

244 2588 367 2633 erati
391 2591 505 2633 sunt
528 2603 641 2633 cum
669 2587 966 2634 Puttenham
991 2589 1041 2633 in
1064 2590 1257 2633 tantum
1282 2587 1418 2648 quod
1442 2587 1682 2649 quicquid
1705 2588 1813 2647 ipse
1837 2587 2032 2643 dixerit,
2052 2603 2227 2634 omnes
2244 2589 2290 2634 ei

243 2651 483 2705 alludunt,
510 2654 559 2697 et
582 2652 841 2710 potissime
864 2654 1040 2697 contra
1063 2652 1366 2710 magistrum.

372 2714 684 2775 (Thurleby.)
754 2715 1000 2761 Dominus
1039 2714 1292 2775 Johannes
1331 2715 1633 2775 Brownyng,
1672 2717 1954 2773 precentor,
1992 2714 2116 2760 dicit
2151 2714 2291 2775 quod

244 2778 502 2838 Thurleby
542 2779 709 2837 sepius
753 2781 868 2837 post
912 2779 1191 2837 ingressum
1236 2778 1378 2824 chori
1423 2779 1525 2823 exit
1570 2778 1780 2824 chorum
1824 2781 1941 2824 ante
1985 2778 2292 2838 completum

245 2842 469 2886 diuinum
493 2842 790 2903 obsequium
814 2844 864 2887 et
886 2842 1076 2903 absque
1099 2856 1262 2887 causa.
1334 2842 1538 2887 Fatetur
1563 2858 1573 2887 ε
1609 2841 1763 2887 habet
1797 2842 2069 2888 crastinum
2092 2843 2143 2887 in
2178 2842 2292 2888 loco

245 2906 341 2951 isto
364 2905 429 2950 ad
454 2905 799 2964 recipiendum
823 2906 1174 2964 penitenciam.

373 2968 672 3029 (Magister.)
758 2969 885 3014 Item
910 2969 1033 3015 dicit
1056 2968 1194 3030 quod
1219 2970 1270 3014 in
1295 2967 1498 3014 defectu
1522 2968 1746 3028 magistri
1770 2982 1871 3014 non
1896 2969 2109 3014 seruitur
2143 2969 2293 3015 sociis

179 3042 182 3043 ’
243 3031 441 3090 collegii
480 3046 642 3093 neque
679 3032 775 3077 sibi
813 3033 907 3090 ipsi
946 3032 1011 3078 de
1047 3032 1238 3078 salariis
1275 3033 1390 3087 suis,
1430 3035 1480 3078 et
1519 3031 1643 3078 dicit
1681 3031 1819 3093 quod
1864 3032 2209 3091 possessiones
2242 3034 2293 3078 et

244 3095 471 3140 redditus
511 3095 724 3155 collegii·
746 3099 859 3140 sunt
900 3095 996 3141 hiis
1036 3096 1216 3141 diebus
1250 3095 1382 3142 adeo
1419 3095 1644 3155 opulenti
1681 3099 1731 3141 et
1767 3095 1887 3141 boni
1926 3095 2054 3141 sicut
2092 3095 2294 3141 fuerunt

243 3161 472 3217 tempore
497 3159 773 3205 ereccionis
797 3159 1012 3218 collegii.

344 3269 357 3292 ¹
383 3269 559 3307 dominus
574 3269 771 3317 johannes
797 3272 976 3308 Palmere
1002 3271 1216 3309 cancelled.

345 3319 362 3343 2
389 3320 474 3357 Sic:
505 3320 563 3357 for
590 3320 776 3357 redditur.

344 3371 360 3395 ³
386 3371 473 3409 The
503 3372 633 3408 actual
662 3371 766 3408 word
797 3372 830 3409 is
860 3373 1084 3418 uncertain,
1102 3372 1170 3410 the
1198 3372 1350 3421 ending
1379 3371 1529 3422 having
1559 3373 1657 3410 been
1691 3372 1869 3410 altered:
1898 3373 2010 3410 velim
2038 3385 2081 3409 or
2107 3374 2294 3411 voluerim

241 3423 374 3460 would
393 3423 494 3459 have
515 3423 612 3459 been
633 3423 754 3468 right,
772 3424 851 3460 and
871 3437 946 3462 one
966 3424 1008 3461 of
1025 3425 1137 3462 these
1159 3437 1248 3473 may
1267 3424 1367 3461 have
1388 3425 1486 3461 been
1505 3424 1714 3462 intended.

345 3473 361 3497 ‘¹
375 3475 517 3522 fittura
545 3474 758 3511 cancelled.

341 3524 356 3547 5
385 3523 602 3562 Interlined
629 3525 755 3562 above
782 3527 1015 3562 continuauit
1038 3526 1257 3564 cancelled.

343 3574 359 3598 ⁶
386 3575 548 3612 Altered
576 3575 676 3612 from
703 3575 810 3624 quod.

340 3658 353 3682 1
383 3657 458 3695 See
488 3658 699 3707 Ducange,
729 3671 804 3695 s.v.
835 3657 1060 3707 Clepsidra‚
1082 3659 1375 3708 Clepsedraria.

339 3708 357 3732 2
384 3709 541 3746 Statute
562 3716 606 3755 35
628 3721 637 3745 τ
667 3721 732 3746 see
752 3718 845 3746 note
865 3722 887 3756 4
907 3723 958 3747 on
980 3724 1017 3759 p.
1038 3720 1087 3757 94
1108 3711 1186 3747 and
1200 3722 1302 3748 >note
1322 3721 1341 3756 3
1364 3724 1413 3748 on
1437 3723 1474 3760 p.
1496 3719 1542 3758 95
1564 3712 1701 3749 above.

339 3759 355 3784 ³
383 3759 541 3798 Statute
560 3769 606 3807 42
629 3773 638 3796 ε
667 3773 733 3798 see
753 3772 847 3798 note
869 3770 887 3797 2
909 3774 959 3798 on
981 3774 1020 3810 p.
1041 3771 1089 3808 94
1112 3762 1251 3800 above.
