2476 4412
300 504 378 559 14
749 475 1233 538 ALNWICK'S
1316 468 1881 530 VISITATIONS

299 641 500 698 recepta
538 637 840 697 purgacione
883 633 1049 679 fratris
1097 630 1298 678 Ricardi
1345 630 1589 687 Parteney
1634 640 1782 685 super
1827 639 1888 671 eo
1933 624 2071 686 quod
2116 624 2336 671 Bartone

297 702 613 762 imposuisset
650 700 757 755 sibi,
782 697 918 759 quod
952 698 1060 755 ipse
1095 694 1346 756 quandam
1374 693 1547 738 cistam
1574 691 1625 736 in
1649 689 1815 735 officio
1839 689 2064 734 sacristie
2086 687 2206 734 dum
2230 691 2336 734 erat

297 764 595 810 subsacrista
633 761 910 819 effregisset
949 762 998 805 et
1036 759 1168 804 bona
1207 757 1328 802 inibi
1369 754 1588 814 reposita
1625 753 1903 808 alienasset,
1943 751 2075 811 ipsol
2115 751 2335 798 Bartone

299 829 428 874 hanc
450 826 827 886 imposicionem
852 824 1138 869 constanter
1161 822 1388 878 negante,
1416 818 1647 863 dominus
1671 818 1923 861 reseruata
1956 816 2051 861 sibi
2084 817 2336 874 potestate

297 891 636 936 iniuncciones
690 886 993 933 necessarias
1047 883 1279 939 faciendi,
1331 880 1616 939 corrigendi
1661 882 1711 925 et
1754 878 1996 938 puniendi
2042 877 2241 924 detecta
2285 881 2336 924 et

298 954 493 1009 delicta,
519 955 568 998 et
591 954 764 997 contra
787 948 1128 994 iniuncciones
1151 947 1308 992 factas
1332 947 1382 991 et
1416 943 1674 990 faciendas
1710 957 1800 1002 per
1837 956 1951 988 eum
1987 941 2336 1003 delinquentes

297 1015 549 1076 puniendi,
590 1013 932 1060 visitacionem
971 1010 1255 1056 huiusmodi
1295 1023 1434 1054 suam
1471 1006 1713 1059 dissoluit,
1750 1005 2067 1065 presentibus
2105 1005 2335 1066 Depyng,

297 1079 501 1138 Thorpe
525 1081 574 1124 et
597 1091 677 1122 me
705 1076 954 1122 Colstone.

429 1172 497 1234 [F
500 1187 544 1218 o.
590 1170 696 1232 33].
788 1171 960 1216 Frater
1015 1167 1268 1230 Johannes
1317 1165 1605 1226 Waynflete
1649 1164 1806 1211 abbas
1851 1163 2162 1210 examinatus
2217 1162 2341 1209 dicit

295 1236 431 1298 quod
454 1237 568 1280 sunt
589 1236 669 1294 xvj
695 1234 746 1278 in
771 1248 992 1289 numero,
1020 1232 1084 1277 de
1108 1231 1288 1292 quibus
1321 1230 1547 1289 ipsemet,
1575 1228 1843 1274 celerarius
1878 1230 1927 1273 et
1961 1227 2341 1274 subcellerarius

297 1314 397 1345 non
421 1301 691 1360 sequuntur
715 1296 936 1353 chorum,
975 1293 1071 1355 [et]
1100 1296 1304 1356 quartus
1333 1296 1408 1339 est
1443 1293 1495 1337 in
1531 1291 1815 1348 infirmaria,
1853 1293 1904 1337 et
1938 1291 2021 1351 viij
2060 1291 2253 1337 vicibus
2289 1291 2341 1336 in

295 1377 440 1418 anno,
465 1361 699 1406 videlicet
721 1373 1015 1420 vnaquaque
1038 1359 1149 1404 vice
1184 1372 1274 1416 per
1311 1356 1656 1416 septimanam,
1697 1357 1825 1400 sunt·
1846 1357 2058 1416 quatuor
2093 1355 2146 1400 in
2182 1354 2340 1400 minu-

296 1426 521 1472 cionibus
556 1423 691 1483 apud
727 1423 984 1482 Sotherey,
1023 1422 1095 1467 sic
1132 1421 1269 1482 quod
1291 1420 1375 1465 vix
1397 1421 1658 1465 remanent
1680 1433 1774 1478 pro
1797 1417 1955 1464 choro
1977 1418 2060 1478 viij
2089 1417 2337 1475 monachi,

295 1489 379 1550 qui
418 1502 519 1533 non
557 1487 692 1533 omni
731 1485 976 1545 tempore2
1004 1487 1247 1531 secuntur
1291 1483 1514 1541 chorum,
1557 1483 1629 1528 sic
1675 1482 1812 1544 quod
1856 1481 1986 1528 male
2028 1481 2340 1543 aliquociens

295 1551 572 1598 deseruitur
595 1550 764 1596 choro.

422 1615 548 1660 Item
572 1614 692 1659 dicit
710 1613 846 1674 quod
870 1614 983 1658 sunt
1005 1614 1105 1657 tres
1129 1610 1316 1657 familie
1334 1610 1384 1655 in
1404 1609 1722 1667 monasterio,
1741 1608 1977 1655 videlicet
1999 1607 2110 1655 aula
2127 1608 2338 1665 abbatis,

294 1676 563 1724 infirmaria
597 1679 646 1722 et
678 1676 1032 1732 refectorium;
1069 1678 1118 1721 et
1153 1674 1460 1736 aliquociens
1493 1673 1728 1719 monachi
1764 1675 1953 1719 stantes
1985 1673 2037 1718 in
2070 1671 2342 1718 infirmaria

296 1756 396 1787 non
420 1740 564 1786 simul
588 1740 677 1786 sed
701 1740 981 1800 separatim,
1006 1739 1243 1784 videlicet
1266 1752 1390 1784 vnus
1414 1752 1504 1797 per
1528 1752 1595 1794 se,
1621 1737 1745 1782 alius
1769 1751 1859 1796 per
1882 1751 1936 1783 se
1959 1739 2009 1782 et
2042 1736 2227 1782 tercius
2249 1750 2341 1795 per

297 1819 350 1850 se
373 1803 656 1860 comedunt,
684 1807 733 1849 et
760 1803 1038 1862 fragmenta
1061 1802 1288 1847 ciborum
1311 1816 1515 1847 suorum
1539 1802 1742 1846 mittunt
1765 1814 1865 1862 quo
1888 1799 2062 1847 volunt
2084 1800 2136 1845 in
2157 1798 2340 1857 villam,

299 1871 348 1914 et
371 1868 443 1913 sic
466 1867 735 1913 elemosina
757 1867 974 1912 totaliter
998 1865 1318 1912 consumitur.

428 1931 555 1976 Item
601 1930 722 1976 dicit
777 1929 912 1992 quod
961 1930 1262 1990 quicumque
1306 1929 1531 1988 hospites
1576 1927 1832 1974 declinant
1875 1926 1941 1973 ad
1985 1926 2343 1973 monasterium

302 1992 585 2040 reficiuntur
608 1994 658 2039 in
682 1992 846 2039 officio
870 1993 1173 2052 hospiciarij,
1200 1995 1249 2038 et
1273 2007 1374 2038 non
1396 1994 1448 2038 in
1471 1991 1582 2037 aula
1604 1991 1802 2037 abbatis
1823 1994 1877 2037 vt
1900 1990 2100 2037 solitum
2123 1993 2213 2036 est.

431 2058 557 2103 Item
581 2057 702 2103 dicit
725 2057 859 2118 quod
883 2069 1062 2115 magne
1080 2059 1130 2102 et
1153 2056 1320 2116 plures
1336 2056 1504 2115 vigilie
1526 2054 1651 2101 fiunt
1674 2055 1724 2100 in
1743 2055 1975 2101 noctibus
1998 2054 2050 2099 in
2071 2052 2343 2099 infirmaria.

302 2121 353 2166 in
387 2120 614 2180 hospicio
648 2120 914 2180 hospitum,
940 2121 1023 2165 vbi
1056 2121 1365 2166 consumitur
1399 2120 1611 2166 ceruisia
1644 2119 1708 2164 de
1742 2118 2024 2174 refectorio,
2050 2120 2100 2163 et
2130 2117 2230 2163 hoc
2251 2131 2342 2177 per

303 2184 575 2230 monachos
599 2183 882 2229 huiusmodi
904 2183 1188 2229 insolenciis
1210 2186 1458 2241 vacantes,
1484 2198 1579 2229 nec
1601 2183 1774 2228 volunt
1797 2197 1881 2228 eas
1905 2182 2168 2227 dimittere.

432 2247 556 2292 Item
593 2247 713 2292 dicit
749 2247 884 2308 quod
919 2249 1025 2292 tota
1060 2247 1142 2293 die
1178 2247 1356 2293 sedent
1391 2248 1442 2292 in
1479 2246 1747 2292 refectorio
1781 2246 2012 2292 bibentes
2035 2247 2085 2291 et
2106 2247 2343 2291 vacantes

303 2310 780 2356 commesacionibus
804 2314 852 2356 et
874 2311 1236 2370 potacionibus‚
1262 2311 1402 2372 quasi
1426 2313 1558 2357 esset
1591 2310 1793 2370 publica
1814 2310 2037 2367 taberna,
2064 2311 2114 2355 et
2146 2308 2212 2355 ad
2246 2307 2343 2354 hec

301 2373 542 2419 inducunt
564 2373 822 2420 seculares.

430 2437 555 2482 Item
580 2437 701 2482 dicit
723 2437 859 2498 quod
882 2437 1113 2483 monachi
1138 2437 1314 2483 habent
1340 2438 1487 2484 nimis
1509 2437 1797 2499 frequentes
1821 2451 2057 2482 excursus
2089 2436 2141 2482 in
2174 2435 2342 2482 villam

303 2499 366 2545 de
386 2500 660 2561 Bardeney,
679 2501 780 2546 vbi³
796 2502 1062 2547 intendunt
1079 2502 1299 2548 tabernis
1322 2517 1472 2548 causa
1490 2498 1703 2564 sola[cij]
1723 2501 1774 2546 in
1792 2513 2028 2560 magnum
2052 2499 2343 2546 scandalum

302 2564 604 2623 monasterij.

428 2626 631 2685 (Contra
654 2628 943 2686 sacristam.)
1013 2629 1140 2674 Item
1165 2628 1374 2675 clericus
1399 2626 1663 2692 sac[ristie]
1693 2627 1910 2688 percipit
1933 2627 2123 2674 nomine
2146 2625 2345 2672 liberate

299 2703 378 2734 sue
413 2690 476 2749 vij
515 2705 668 2749 panes
704 2692 893 2750 griseos
928 2693 979 2736 in
1015 2693 1292 2751 septimana
1330 2695 1379 2739 et
1409 2693 1474 2752 vij
1513 2691 1735 2751 lagenas⁴
1767 2692 1978 2738 ceruisie
2002 2694 2052 2737 et
2075 2691 2139 2751 vij
2176 2693 2344 2750 petras

302 2754 432 2798 casei
468 2754 518 2797 in
554 2768 698 2811 anno,
735 2757 785 2800 et
820 2754 1099 2816 qu[alibet]
1142 2757 1420 2816 septimana
1456 2756 1838 2817 quadragesime
1873 2755 2024 2815 xxviij
2062 2753 2345 2810 alleces,'et

301 2815 649 2861 nichilominus
686 2819 890 2863 sacrista
926 2819 1077 2864 mittit
1113 2820 1207 2865 sibi
1245 2821 1432 2866 cibaria
1469 2819 1533 2865 de
1568 2819 1761 2865 ferculo
1798 2834 1888 2865 suo
1924 2834 2022 2880 que
2061 2815 2338 2879 expen[di]

302 2877 543 2924 deberent
579 2880 629 2925 in
667 2881 950 2939 elemosina,
989 2885 1038 2928 et
1073 2886 1125 2928 vt
1162 2883 1343 2929 dicitur
1378 2882 1553 2929 vendit
1587 2883 1667 2929 vel
1707 2883 1884 2929 saltem
1922 2883 2065 2929 aliter
2105 2881 2346 2941 expendit

302 2940 464 2987 dictos
487 2957 653 3000 panes.

430 3005 555 3051 Item
590 3006 711 3052 dicit
743 3007 879 3069 quod
913 3009 1135 3066 ecclesia,
1162 3011 1396 3068 maneria,
1421 3010 1628 3070 grangie
1652 3012 1702 3056 et
1723 3011 2012 3057 tenementa
2034 3008 2345 3069 pertinencia

303 3070 600 3115 monasterio
624 3074 736 3115 sunt
759 3071 967 3117 multum
990 3074 1188 3119 ruinosa
1212 3077 1261 3120 et
1285 3077 1433 3133 egent
1456 3087 1638 3133 magna
1660 3074 1998 3134 reparacione.

430 3131 556 3177 Item
592 3133 713 3178 dicit
749 3135 885 3195 quod
920 3138 1276 3183 monasterium
1312 3141 1387 3183 est
1426 3137 1767 3197 multipliciter
1806 3137 2154 3194 indebitatum,
2195 3137 2345 3195 prout

302 3195 439 3251 patet
460 3195 511 3240 in
535 3196 697 3242 rotulo
721 3197 926 3244 domino
950 3200 1242 3247 ministrato.

406 3303 417 3327 ¹
444 3307 592 3342 omnino
617 3308 831 3346 cancelled.

401 3353 418 3376 2
441 3362 541 3393 secut
566 3359 779 3396 cancelled.

400 3405 416 3428 ⁸
444 3420 554 3454 magn
581 3408 792 3447 cancelled.

403 3455 418 3479 ⁴
443 3470 461 3494 s
478 3459 712 3509 apparently
730 3461 946 3508 cancelled,
967 3464 1145 3515 possibly
1165 3465 1387 3516 beginning
1406 3468 1446 3504 of
1461 3468 1636 3506 seruisie.

402 3545 414 3568 ¹
443 3545 518 3610 see
548 3547 614 3585 the
647 3559 740 3586 note
766 3563 881 3609 'upon
913 3554 1072 3591 minutio
1103 3554 1142 3591 in
1187 3556 1406 3594 Vz'sitations
1433 3568 1460 3602 1,
1489 3560 1620 3603 237-8‚
1649 3558 1777 3596 where
1796 3558 1863 3596 the
1883 3571 2026 3607 proper
2052 3557 2221 3608 English
2239 3557 2347 3596 word

303 3598 449 3645 ‘seyny
500 3597 603 3646 (Lat.
624 3604 874 3647 ‘sangumata,
906 3602 967 3641 Fr.
1002 3605 1167 3655 saigne'e)
1201 3607 1296 3644 used
1330 3609 1423 3646 here
1451 3609 1485 3646 is
1514 3608 1728 3658 explained
1755 3609 1833 3646 and
1853 3609 1920 3647 the
1940 3609 2071 3647 domus
2090 3611 2347 3647 minutionum

301 3658 344 3682 or
371 3654 380 3667 ⁸
399 3647 506 3698 Seny
527 3648 658 3696 place’
688 3659 727 3687 at
755 3651 952 3709 Southrey
974 3655 1037 3702 (cf.
1057 3656 1149 3694 ibid.
1174 3668 1203 3703 1,
1228 3661 1291 3706 37)
1311 3660 1342 3696 is
1362 3660 1445 3696 also
1473 3660 1720 3698 mentioned.
1794 3661 1996 3711 Southrey
2023 3662 2055 3699 is
2082 3675 2104 3698 a
2129 3660 2280 3698 hamlet
2308 3659 2351 3697 of

301 3696 494 3746 Bardney.
513 3711 619 3737 some
639 3701 749 3738 three
771 3703 882 3740 miles
901 3706 1123 3744 south—east
1143 3710 1183 3745 of
1199 3709 1265 3746 the
1286 3710 1450 3759 village.

399 3747 416 3771 2
444 3749 519 3786 For
532 3752 727 3798 familiae,
750 3763 928 3801 separate
949 3757 1275 3797 establishrnents
1294 3761 1333 3798 in
1353 3762 1545 3811 religious
1563 3761 1723 3806 houses‚
1743 3774 1807 3800 see
1837 3763 2053 3801 Visitatz'ons
2071 3771 2099 3809 1,
2121 3762 2182 3809 66,
2201 3763 2292 3811 283.

403 3798 419 3822 ³
446 3801 499 3837 As
530 3801 640 3839 there
672 3803 704 3840 is
735 3816 785 3839 no
813 3810 850 3840 et
877 3806 1052 3844 between
1085 3812 1125 3845 in
1159 3811 1386 3858 infirmaria
1405 3813 1494 3850 ‚and
1528 3815 1569 3850 in
1597 3814 1757 3863 hospicio
1775 3816 1981 3864 hospitum,
2003 3815 2032 3851 it
2052 3826 2180 3852 seems
2198 3814 2286 3851 that
2303 3820 2344 3850 at
2397 3857 2399 3859 v

303 3847 495 3906 Bau-incy,
514 3864 554 3889 as
581 3859 621 3889 at
650 3853 958 3912 I'eterborough,
978 3858 1045 3895 the
1073 3859 1210 3910 hostry
1236 3874 1279 3898 or
1305 3863 1567 3911 guest-house
1595 3873 1636 3900 at
1663 3864 1744 3901 this
1771 3865 1868 3903 time
1893 3878 1973 3902 was
1999 3864 2219 3902 connected
2245 3864 2341 3902 with

303 3898 369 3936 the
388 3900 588 3953 infirmary
608 3904 821 3955 buildings.
880 3907 958 3945 But
977 3908 1085 3949 there
1104 3923 1180 3949 was
1199 3924 1248 3950 an
1267 3914 1407 3953 earlier
1424 3915 1683 3964 guest-house
1702 3915 1936 3956 south-west
1954 3915 1997 3954 of
2021 3916 2089 3956 the
2116 3915 2290 3956 cloister.
