2488 4296
333 406 447 463 154
743 368 747 375 '
807 386 1296 444 ALNWICK’s
1380 385 1947 443 V1s1TATloNs

339 546 438 592 hoc
461 545 554 591 sub
578 543 740 602 sigillo
765 543 1018 588 communi
1042 559 1051 589 :
1087 542 1152 588 de
1177 557 1426 589 consensu
1449 544 1739 600 conuentus,
1764 545 1816 588 vt
1841 542 1963 588 dicit
1986 543 2136 602 prior.
2194 543 2321 590 Okle
2342 546 2392 590 et

341 609 656 670 Rysshetone
680 606 921 652 dedicunt
944 620 1244 652 consensum
1267 607 1611 652 voluntarium.

469 672 545 717 De
589 670 840 729 apostasia
884 670 935 714 in
983 669 1192 715 seculari
1238 668 1412 714 habitu
1458 670 1523 715 de
1562 671 1712 715 nocte
1752 671 1802 715 et
1841 669 2118 715 inieccione
2158 684 2393 715 manuum

340 734 669 781 violentarum
714 733 765 777 in
810 732 1019 778 diuersos
1075 731 1319 789 homines‚1
1363 733 1446 778 vbi
1492 734 1542 777 et
1585 732 1788 793 quando
1844 732 2105 778 brachium
2155 747 2298 778 suum
2343 733 2395 778 in

340 797 578 844 conflictu
643 796 736 840 fuit
802 795 1028 852 fractum,
1086 796 1285 842 circiter
1339 795 1524 841 festum
1581 795 1938 850 Bartholomei,
1994 811 2127 841 anno
2184 796 2395 842 Domini

341 860 679 919 mccccxxxvj,
718 858 902 904 fatetur
936 873 990 904 se
1027 873 1283 918 egressum
1318 860 1404 904 tali
1440 862 1670 918 tempore
1706 861 1855 904 nocte
1891 857 2112 904 indutus2
2146 874 2272 919 capa
2307 874 2395 904 sua

343 925 620 985 equitature
645 925 694 968 et
717 922 929 981 capucio
953 923 1163 968 seculari
1198 923 1325 981 nigri
1357 923 1571 969 coloris:
1607 922 1790 968 fatetur
1825 923 1985 968 eciam
2021 921 2308 968 conflictum
2345 925 2400 968 et·

339 987 636 1033 violenciam
660 985 778 1031 hinc
803 988 851 1030 et
874 985 1008 1031 inde.

472 1051 550 1095 De
573 1049 920 1094 celebracione
944 1049 1204 1094 missarum
1239 1050 1401 1094 stante
1434 1049 1686 1108 apostasia
1722 1047 1995 1094 huiusmodi
2028 1048 2162 1094 nulla
2198 1049 2392 1095 absolu-

343 1115 488 1159 cione
511 1113 697 1172 preuia,
723 1111 905 1157 fatetur
929 1126 982 1157 se
1006 1112 1205 1158 cencies
1228 1112 1510 1157 celebrasse
1533 1113 1708 1157 missas
1742 1113 1866 1157 citra
1905 1112 2194 1157 conflictum
2229 1111 2395 1158 huius-

337 1177 475 1222 modi
515 1175 649 1221 nulla
688 1175 1012 1221 absolucione
1049 1175 1268 1232 obtenta,
1295 1176 1411 1236 quia
1435 1175 1558 1222 dicit
1581 1190 1634 1222 se
1658 1190 1718 1221 ea
1741 1175 1805 1221 de
1829 1189 1979 1221 causa
2003 1189 2104 1221 non
2129 1176 2395 1222 incurrisse

342 1240 769 1299 irregularitatem.

471 1304 548 1348 De
573 1317 634 1349 eo
657 1301 795 1363 quod
831 1301 1060 1363 Johanna
1098 1302 1209 1362 Dey
1245 1302 1396 1348 iacuit
1432 1303 1479 1348 in
1519 1302 1744 1348 botereia
1781 1301 1911 1347 infra
1949 1303 2225 1361 prioratum
2261 1304 2397 1348 iuxta

342 1381 592 1412 cameram
628 1365 808 1425 prioris
845 1366 982 1411 omni
1022 1368 1171 1411 nocte
1210 1365 1433 1427 quodam
1466 1368 1695 1425 tempore
1734 1366 2056 1424 autumpnali,
2095 1369 2244 1425 negat
2281 1367 2394 1412 arti-

343 1430 540 1476 culum:
575 1429 758 1475 fatetur
791 1431 960 1475 tamen
984 1429 1122 1490 quod
1144 1432 1196 1475 vt
1219 1432 1396 1488 postea
1426 1429 1617 1474 audiuit
1653 1429 1803 1474 iacuit
1839 1428 2029 1475 ibidem
2066 1443 2180 1475 cum
2218 1431 2396 1476 marito

342 1508 445 1550 suo,
471 1507 573 1539 non
596 1496 765 1538 tamen
789 1492 853 1538 de
875 1492 1132 1538 voluntate
1155 1496 1239 1538 aut
1263 1493 1480 1539 sciencia
1504 1507 1606 1538 sua.

472 1557 549 1602 De
573 1571 634 1602 eo
658 1555 796 1617 quod
819 1557 955 1615 prior
995 1556 1122 1601 dixit
1149 1556 1449 1617 quibusdam
1486 1556 1741 1602 canonicis
1777 1556 1878 1601 suis
1917 1555 2055 1616 quod
2091 1556 2150 1601 si⁸
2185 1555 2395 1602 haberet

343 1620 503 1665 solum
527 1622 628 1665 tres
653 1620 899 1672 denarios
925 1619 1179 1680 Johan'nes
1203 1619 1352 1665 Clerk
1374 1634 1434 1665 ac
1457 1634 1581 1666 vxor
1604 1620 1709 1665 eius
1743 1622 1792 1665 et
1829 1618 1928 1665 filie
1965 1619 2210 1665 haberent
2246 1635 2396 1665 vnum

341 1698 529 1740 eorum,
555 1686 705 1742 negat
728 1683 990 1729 articulum
1014 1686 1162 1742 prout
1185 1683 1486 1729 articulatur.

474 1747 550 1792 De
576 1761 636 1792 eo
661 1746 798 1808 quod
821 1747 1018 1792 omissis
1053 1746 1189 1792 horis
1224 1747 1479 1792 canonicis
1515 1747 1652 1805 prior
1688 1746 1949 1792 celebrans
1985 1747 2160 1792 missas
2197 1745 2398 1792 omittit⁴

342 1810 496 1856 verba
519 1810 911 1866 sacramentalia,
937 1812 987 1856 et
1010 1812 1179 1856 tamen
1202 1812 1362 1855 totum
1400 1810 1665 1855 seruicium
1703 1810 1840 1871 quod
1877 1809 2000 1855 dicit
2035 1810 2086 1855 in
2125 1824 2258 1855 anno
2295 1825 2397 1856 non

344 1873 630 1935 equepolet⁵
653 1872 819 1934 officio
842 1874 985 1919 vnius
1009 1874 1208 1929 mensis,
1235 1876 1385 1932 negat
1409 1872 1670 1920 articulum
1694 1876 1843 1932 prout
1866 1873 2168 1919 articulatur.

472 1937 550 1982 De
574 1951 635 1983 eo
659 1937 796 1998 quod
820 1937 956 1996 prior
981 1951 1080 1982 non
1105 1938 1242 1982 venit
1264 1937 1329 1983 ad
1354 1938 1622 1983 matutinas
1645 1938 1727 1982 vix
1751 1939 1926 1998 quater
1950 1937 2000 1982 in
2023 1950 2168 1993 anno,
2194 1951 2290 1983 nec
2323 1939 2398 1983 est

344 1999 603 2046 confessus
647 2002 730 2046 vix
776 2001 854 2046 bis
898 2001 948 2045 in
993 2001 1265 2046 medietate
1310 2001 1441 2058 anni,
1489 2003 1638 2060 negat
1686 2000 1962 2058 articulum,
2009 2015 2124 2046 nam
2169 2000 2399 2059 designat

342 2063 659 2110 confessores
683 2064 863 2125 quibus
887 2063 1199 2110 confessatus
1223 2066 1311 2110 est.

473 2127 550 2173 De
584 2141 645 2173 eo
681 2127 819 2187 quod
855 2126 1034 2172 domus
1070 2126 1453 2186 dampnificatur
1490 2142 1580 2187 per
1616 2129 1828 2173 matrem
1863 2128 2043 2187 prioris
2079 2129 2129 2173 et
2166 2141 2425 2182 accessus,

344 2190 606 2235 mulierum
631 2189 1001 2236 diffamatarum
1024 2191 1090 2236 ad
1114 2206 1224 2237 eam
1248 2191 1299 2236 in
1323 2206 1381 2237 cc
1405 2192 1598 2248 marcis,
1625 2193 1775 2250 negat
1796 2190 2074 2236 articulum.

473 2254 550 2300 De
574 2268 634 2299 eo
658 2254 795 2315 quod
829 2255 1036 2313 naperia
1074 2257 1123 2300 et
1159 2254 1276 2300 lecti
1315 2254 1563 2314 prioratus
1601 2254 2014 2300 accomodantur⁶
2048 2269 2138 2313 per
2177 2254 2397 2313 priorem

343 2318 501 2362 sorori
525 2332 612 2363 sue
637 2320 686 2363 et
708 2317 817 2363 aliis
841 2318 1136 2379 propinquis
1154 2319 1254 2363 suis
1273 2320 1323 2364 et
1340 2333 1441 2364 non
1460 2319 1799 2374 restituuntur,
1820 2318 1884 2363 de
1903 2319 2107 2377 naperia
2125 2318 2398 2377 respondet

342 2383 393 2425 vt
417 2395 578 2439 supra.
650 2381 792 2427 Lecti
817 2384 932 2426 sunt
955 2381 1020 2427 ad
1045 2384 1184 2427 extra
1206 2381 1225 2428 ε’
1251 2396 1352 2427 non
1378 2382 1501 2427 dicit
1523 2382 1678 2441 prior⁷
1701 2382 1783 2427 vbi
1808 2384 1935 2427 sunt.

472 2445 549 2490 De
572 2458 779 2490 accessu
802 2445 983 2504 prioris
1016 2445 1081 2490 ad
1119 2445 1323 2491 domum
1362 2445 1603 2506 Johannis
1640 2445 1802 2502 Clerk,
1840 2446 2000 2491 eciam
2038 2444 2102 2490 de
2139 2446 2301 2502 nocte,
2337 2459 2396 2491 ac

341 2508 825 2554 commesacionibus
880 2511 931 2554 et
983 2508 1336 2568 potacionibus
1391 2510 1492 2554 suis
1546 2508 1737 2554 ibidem
1792 2511 1968 2554 contra
2026 2509 2398 2554 iniunccionem

342 2570 584 2617 Willelmi
609 2571 757 2632 Gray,
787 2606 1026 2618 .......
1035 2571 1065 2629 ‚⁸
1087 2574 1137 2618 et
1160 2572 1364 2633 quando
1388 2572 1560 2618 iniecit
1583 2587 1759 2618 manus
1783 2573 2027 2618 violentas
2056 2573 2107 2617 in
2141 2571 2394 2633 quendam

340 2634 620 2695 Johannem
668 2635 826 2696 Bayly
872 2635 1070 2681 circiter
1114 2635 1299 2681 festum
1343 2635 1560 2693 Andree,
1607 2650 1740 2681 anno
1777 2635 1982 2681 Domini
2017 2650 2304 2690 mccccxxx,
2341 2637 2390 2681 et

341 2697 508 2743 adhuc
533 2699 741 2744 remittit
775 2698 910 2744 idem
945 2700 1082 2758 prior
1117 2699 1255 2745 dicto
1289 2699 1505 2760 Johanni
1540 2699 1808 2752 redditum,
1844 2699 2028 2744 fatetur
2061 2699 2394 2744 inieccionem

342 2775 576 2806 manuum
601 2762 932 2808 violentarum
955 2763 1006 2807 in
1031 2762 1222 2808 dictum
1245 2763 1527 2824 Johannem
1552 2763 1724 2824 Bayly.
1795 2762 1935 2808 Prior
1957 2765 2107 2822 negat
2135 2762 2272 2824 quod
2306 2762 2390 2807 ille

345 2824 502 2885 Bayly
525 2825 714 2870 nullum
740 2825 1000 2871 denarium
1026 2825 1090 2872 de
1115 2827 1221 2872 eius
1246 2827 1526 2872 consensu.2

476 2888 553 2934 De
578 2903 638 2934 eo
663 2889 799 2950 quod
823 2891 959 2949 prior
983 2889 1284 2936 indebitauit
1308 2889 1514 2936 domum
1537 2890 1588 2935 in
1611 2889 1918 2949 grauissimis
1946 2890 2151 2935 summis
2169 2891 2397 2948 tempore

345 2951 662 3010 presidencie
686 2967 773 2998 sue
797 2955 965 3012 preter
992 2953 1315 3013 supradicta.⁹

470 3015 548 3060 De
573 3029 775 3074 egressu
799 3017 979 3075 prioris
1003 3017 1054 3062 in
1079 3015 1289 3063 rocheto
1324 3016 1389 3063 de
1424 3019 1574 3063 nocte
1607 3016 1673 3062 ad
1709 3016 1916 3063 domum
1949 3016 2193 3078 Johannis
2229 3016 2392 3062 Plum-

339 3092 488 3135 mere,
535 3079 656 3124 alias
703 3079 865 3136 Clerk,
912 3080 1033 3126 alias
1081 3081 1318 3134 Derham,
1366 3083 1416 3126 et
1471 3081 1740 3140 potacione
1796 3080 2000 3137 ibidem,
2057 3081 2173 3141 quia
2228 3094 2389 3139 supra.

439 3188 455 3264 ὲ
478 3191 696 3278 &hannem
718 3192 865 3239 Baylly
882 3193 1086 3230 cancelled

513 3254 555 3278 ιι.

439 3289 455 3313 3
481 3305 560 3330 non
580 3294 795 3331 cancelled.

439 3342 455 3364 ⁴
481 3344 644 3382 Altered
664 3345 763 3382 from
786 3343 955 3381 omittat.

440 3392 455 3415 ⁵
482 3396 646 3433 Altered
667 3396 766 3433 from
786 3398 987 3445 equevolet.

440 3442 456 3467 ⁶
482 3449 607 3484 sorori
624 3447 840 3485 cancelled.

441 3495 455 3522 ⁷
482 3498 525 3535 id
540 3499 755 3536 cancelled.

437 3544 452 3568 ⁸
480 3549 599 3587 Some
619 3550 747 3587 words
765 3562 831 3587 are
850 3550 991 3588 almost
1012 3549 1245 3589 obliterated
1264 3552 1341 3589 and
1361 3551 1469 3602 quite
1488 3552 1662 3602 illegible
1681 3557 1720 3590 at
1739 3552 1817 3590 this
1838 3551 1962 3601 point,
1985 3550 2114 3589 which
2130 3551 2265 3589 makes
2284 3563 2394 3589 some

333 3595 524 3687 disficgilg
543 3601 583 3638 in
603 3601 669 3638 the
687 3601 954 3639 construction
974 3601 1018 3639 of
1031 3602 1098 3640 the
1117 3604 1327 3652 carelessly
1345 3605 1558 3653 composed
1578 3609 1775 3642 sentence.

528 3663 550 3688 0
570 3664 734 3689 answer.

438 3720 450 3744 ¹
480 3721 580 3759 This
601 3721 724 3760 detail
744 3722 814 3760 has
834 3729 904 3760 not
923 3723 1122 3772 appeared
1143 3724 1181 3760 in
1204 3724 1270 3762 the
1288 3724 1442 3762 detecta.

437 3773 453 3797 ²
482 3771 569 3810 The
591 3773 729 3821 prior‘s
749 3773 828 3811 line
849 3773 891 3811 of
908 3774 1074 3811 defence
1093 3774 1126 3811 is
1146 3775 1315 3813 difficult
1335 3786 1376 3813 to
1395 3775 1540 3821 follow,
1563 3775 1631 3813 but
1651 3775 1713 3813 his
1732 3787 1883 3813 answer
1901 3774 2059 3824 implies
2083 3774 2137 3823 (1)
2158 3775 2245 3812 that
2259 3774 2309 3812 he
2323 3774 2392 3812 did

335 3829 407 3863 not
435 3823 620 3861 consider
637 3824 762 3873 going
781 3832 850 3861 out
872 3826 922 3877 by
942 3824 1057 3874 night
1090 3825 1128 3862 in
1150 3839 1171 3862 a
1191 3827 1343 3865 secular
1372 3827 1483 3865 dress
1501 3837 1544 3864 to
1562 3827 1780 3867 constitute
1800 3840 1849 3867 an
1869 3835 1930 3864 act
1950 3825 1992 3862 of
2009 3835 2208 3882 apostasy‚
2227 3826 2304 3863 and
2332 3824 2387 3880 (2)
