2476 4412
276 421 367 494 38
734 413 1222 474 ALNWICK'S
1306 410 1869 471 vis1TAT10Ns

410 576 581 622 Frater
607 573 854 620 Robertus
877 571 1144 631 Shepehey
1167 569 1288 616 dicit
1312 568 1449 631 quod
1473 568 1642 614 omnia
1666 567 1810 615 bene.
2205 523 2207 525 Ι
2461 533 2476 600 ἶ

408 659 579 704 Frater
615 657 861 702 Robertus
887 655 1119 700 Mortone
1144 653 1266 698 dicit
1291 651 1354 697 de
1378 651 1630 710 apostasia
1651 650 1818 697 fratris
1840 650 2037 698 Thome
2060 652 2316 714 Wytham‚

279 722 506 769 canonici
531 720 732 776 ibidem,
758 722 810 764 vt
833 733 995 776 supra.

406 803 578 849 Frater
600 802 820 847 Thomas
845 797 1249 854 Colsterworthe,
1275 796 1560 843 cellerarius
1584 798 1634 842 et
1657 796 1985 859 coquinarius.

406 886 578 932 Frater
599 883 850 945 Johannes
872 881 1115 942 Wytham
1139 879 1262 926 dicit
1285 879 1453 925 omnia
1476 879 1621 925 bene.

405 969 577 1014 Frater
602 965 844 1012 Ricardus
869 964 1066 1024 Sabyne
1090 962 1212 1008 dicit
1234 963 1403 1008 omnia
1425 962 1569 1008 bene.

404 1052 576 1098 Frater
598 1049 820 1095 Thomas
845 1046 1130 1094 Caudelaue
1153 1045 1277 1092 dicit
1299 1045 1468 1092 omnia
1491 1045 1635 1092 bene.

401 1134 575 1179 Frater
596 1132 848 1194 Johannes
873 1131 1117 1191 Dousyng
1140 1129 1263 1175 dicit
1286 1129 1454 1175 omnia
1477 1129 1622 1176 bene.

401 1217 573 1262 Frater
595 1214 878 1261 Willelmus
902 1213 1175 1259 Nutteman
1199 1211 1323 1258 dicit
1345 1212 1514 1258 omnia
1536 1212 1681 1258 bene.

399 1298 695 1353 Willelmus,
735 1296 1063 1357 permissione
1101 1295 1271 1341 diuina
1309 1295 1674 1341 Lincolniensis
1711 1295 1991 1356 episcopus,
2031 1295 2228 1344 dilectis
2262 1297 2315 1345 in

271 1363 471 1410 Christo
506 1361 619 1407 filiis
654 1361 825 1406 abbati
861 1363 912 1406 et
947 1359 1215 1405 conuentui
1252 1359 1540 1418 monasterij
1581 1357 1646 1404 de
1683 1359 1899 1417 Brunne,
1925 1359 2116 1406 ordinis
2155 1362 2315 1409 sancti

269 1426 543 1486 Augustini,
585 1427 754 1470 nostre
791 1423 1020 1479 diocesis,
1058 1422 1375 1481 presentibus
1415 1425 1465 1468 et
1507 1422 1686 1467 futuris
1730 1423 1954 1480 salutem,
2000 1424 2220 1483 graciam
2265 1428 2315 1471 et

269 1489 697 1536 benediccionem.
769 1487 1014 1546 Inspectis
1051 1486 1272 1545 registris
1308 1486 1492 1531 nostris
1528 1485 1591 1531 de
1631 1488 1862 1546 tempore
1901 1486 2034 1533 bone
2073 1489 2314 1535 memorie

269 1553 458 1598 domini
495 1551 709 1606 Ricardi,
735 1565 893 1609 nuper
929 1549 1294 1595 Lincolniensis
1328 1549 1568 1609 episcopi,
1598 1551 1932 1610 predecessoris
1965 1552 2126 1608 nostri,
2151 1551 2311 1610 factis,

266 1616 539 1675 reperimus
563 1615 725 1674 ipsum
749 1613 1158 1674 predecessorem
1193 1614 1432 1670 nostrum,
1459 1612 1580 1658 dum
1603 1614 1908 1660 visitacionis
1931 1612 2099 1660 officio
2123 1615 2175 1661 in
2199 1615 2310 1675 ipso

267 1682 432 1726 vestro
471 1679 773 1724 monasterio
812 1677 1114 1735 fungeretur,
1155 1675 1399 1738 quasdam
1443 1679 1606 1722 certas
1649 1677 1993 1724 iniuncciones
2035 1692 2128 1738 pro
2173 1678 2308 1726 bono

266 1743 507 1802 regimine
545 1742 659 1787 dicti
694 1741 968 1799 monasterij
1005 1740 1057 1786 in
1095 1739 1340 1786 eiusdeml
1378 1740 1688 1799 regularibus
1726 1741 2067 1789 obseruanciis
2107 1745 2157 1788 et
2199 1742 2308 1790 aliis

268 1806 446 1852 domus
469 1805 789 1851 commodum
813 1804 1229 1850 concernentibus
1250 1804 1396 1849 vobis
1418 1804 1511 1849 sub
1534 1803 1697 1863 sigillo
1731 1819 1820 1851 suo
1853 1806 2185 1852 transmisisse
2217 1820 2308 1866 per

266 1884 356 1916 vos
374 1869 754 1923 conseruandas,
771 1882 978 1930 quarum
996 1870 1221 1913 tenorem
1239 1882 1337 1912 vna
1353 1881 1468 1912 cum
1485 1867 1703 1929 quadam
1722 1883 1891 1914 earum
1909 1868 2305 1924 modificacione.

267 1936 415 1992 prout
438 1933 582 1979 nobis
598 1932 860 1977 videbatur
877 1931 1213 1977 necessarium
1231 1930 1351 1976 dum
1370 1932 1726 1978 monasterium
1743 1935 1962 1979 vestrum
1978 1934 2305 1990 visitaremus,

268 1996 411 2042 vobis²
452 1996 829 2041 transmittimus
883 1996 1043 2040 eciam
1096 1994 1451 2040 inuiolabiliter
1505 1995 1881 2042 obseruandas.⁸
1974 1997 2144 2044 Tenor
2187 2011 2307 2044 vero

267 2060 637 2105 iniunccionum
671 2058 953 2104 huiusmodi
987 2073 1078 2117 per
1100 2073 1204 2114 nos,
1230 2060 1283 2103 vt
1310 2059 1625 2117 premittitur,
1651 2058 2050 2106 modificatarum
2084 2061 2307 2123 sequitur

269 2122 360 2169 est⁴
382 2126 457 2168 est
488 2122 600 2168 talis
625 2140 634 2169 :
672 2121 927 2178 Ricardus,
952 2122 1282 2181 permissione
1305 2122 1488 2178 diuina,
1515 2122 1628 2169 etc.⁵
1691 2123 1849 2169 Vobis
1881 2124 2031 2182 igitur
2064 2125 2307 2171 Vniuersis

268 2189 317 2232 et
347 2186 551 2245 singulis
589 2186 904 2245 presentibus
943 2188 993 2231 et
1031 2185 1209 2230 futuris
1248 2185 1341 2230 sub
1380 2187 1523 2245 penis
1567 2187 1931 2246 suprascriptis,
1978 2203 2101 2250 quas
2145 2188 2307 2234 eciam

266 2252 441 2295 tenore
476 2250 790 2309 presencium
826 2250 1134 2304 innouamus,
1172 2248 1380 2295 firmiter
1414 2250 1716 2309 iniungimus
1753 2254 1802 2296 et
1838 2251 2133 2298 mandamus
2169 2250 2306 2313 quod

267 2312 549 2358 huiusmodi
573 2314 838 2372 premissas
860 2313 1201 2359 iniuncciones
1225 2327 1399 2358 omnes
1418 2315 1467 2359 et
1490 2313 1708 2373 singulas
1730 2314 1867 2360 iuxta
1883 2315 2104 2374 ipsarum
2127 2315 2307 2362 seriem

265 2379 315 2422 et
339 2380 558 2423 nostram
582 2376 1013 2422 modificacionem
1046 2376 1402 2423 inuiolabiliter
1433 2377 1712 2423 obseruetis
1746 2380 1796 2424 et
1829 2378 2064 2425 obseruet
2097 2379 2308 2441 quilibet

265 2442 483 2486 vestrum
505 2441 555 2485 in
578 2440 780 2486 futuro.⁶

393 2503 623 2549 Preterea
644 2504 945 2563 iniungimus
967 2503 1110 2550 vobis
1133 2504 1303 2550 abbati
1334 2504 1385 2550 in
1418 2504 1600 2550 virtute
1634 2504 1933 2552 obediencie
1966 2508 2017 2552 et
2050 2506 2143 2552 sub
2176 2520 2308 2566 pena

261 2569 578 2626 contemptus
600 2570 652 2613 vt
673 2582 788 2613 cum
811 2568 946 2613 omni
981 2566 1249 2626 diligencia
1272 2571 1321 2614 et
1345 2568 1538 2614 cautela
1560 2567 1766 2614 fratrem
1788 2569 2038 2616 Thomam
2062 2569 2304 2626 Witham,

264 2631 558 2676 canonicum
597 2633 647 2677 et
683 2630 986 2677 confratrem
1021 2634 1254 2688 vestrum,
1293 2631 1358 2677 ad
1395 2635 1535 2678 extra
1567 2632 1619 2677 in
1653 2633 1905 2691 apostasia
1938 2635 1988 2680 et
2020 2634 2072 2679 in
2095 2633 2307 2680 seculari

266 2692 452 2750 habitu,
471 2697 523 2739 vt
546 2693 740 2750 dicitur,
759 2697 1005 2753 agentem,
1026 2695 1166 2756 queri
1190 2698 1239 2741 et
1261 2695 1328 2740 ad
1350 2695 1620 2741 claustrum
1644 2711 1787 2753 suum
1810 2698 2036 2744 reuocari
2060 2699 2110 2744 et
2132 2696 2306 2744 reduci

265 2755 497 2813 faciatis3
554 2758 816 2819 ipsumque
870 2757 1132 2804 reductum
1177 2759 1249 2804 sic
1292 2761 1503 2818 paterno
1549 2773 1688 2806 more
1732 2763 1783 2806 et
1836 2760 2057 2807 fraterna
2100 2761 2307 2806 caritate
2469 2810 2476 2824 ⁴

266 2820 539 2866 secundum
575 2824 762 2867 vestras
801 2821 1052 2881 regulares
1088 2822 1442 2868 obseruancias
1479 2825 1687 2869 tractare
1723 2824 1904 2882 curetis,
1942 2827 1995 2870 vt
2029 2823 2303 2884 gaudeatis,
2467 2822 2476 2874 ³2³

263 2883 371 2941 ipse
407 2883 470 2929 de
505 2885 788 2931 reuersione
825 2901 912 2931 sua
947 2885 1013 2931 ad
1049 2885 1242 2931 caulam
1282 2885 1600 2943 dominicam,
1637 2890 1687 2932 et
1719 2902 1809 2933 vos
1844 2888 1908 2934 de
1952 2887 2055 2935 filio
2089 2887 2306 2948 prodigo
2468 2891 2476 2930 ’.ἱ

262 2949 501 3004 pereunte
525 2950 574 2994 et
596 2948 813 2994 inuento.
885 2949 1016 2995 Data
1038 2949 1130 2995 sub
1155 2949 1318 3009 sigillo
1341 2952 1515 2996 nostro
1538 2950 1590 2996 in
1614 2952 1838 2998 manerio
1862 2954 2035 2998 nostro
2058 2951 2141 2998 de⁷
2468 2950 2476 3003 ὲ

364 3539 378 3563 ²
405 3541 504 3588 relig
526 3540 740 3579 cancelled.

360 3590 377 3614 2
405 3591 624 3629 Interlined
644 3593 767 3630 above
785 3594 850 3631 sub
869 3594 1006 3632 harum
1024 3598 1119 3633 serie
1137 3598 1350 3636 cancelled.

361 3642 378 3718 ’ἶ
403 3655 565 3730 ἔφηέφη
584 3649 691 3680 tenor
707 3646 794 3681 talis
811 3650 865 3681 est
881 3660 893 3681 .·
923 3649 1114 3685 Ricardus
1124 3651 1393 3698 permissione,
1415 3656 1494 3698 ela,
1514 3651 1731 3690 cancelled.

437 3706 468 3730 tc
481 3708 494 3730 .·
537 3706 579 3730 or
596 3700 642 3731 et.

358 3745 372 3769 5
403 3743 564 3782 Printed
584 3745 621 3781 in
652 3745 868 3783 Visitations
888 3757 932 3792 1.‚
952 3749 1054 3786 8-10.

363 3795 380 3820 θ
404 3795 512 3832 Data
529 3795 594 3831 sub
611 3798 736 3844 sigillo
754 3803 886 3842 nostro,
905 3804 989 3841 etc„
1008 3800 1223 3839 cancelled.

366 3846 382 3873 ⁷
408 3844 494 3884 The
512 3854 590 3885 rest
609 3847 641 3884 is
659 3848 848 3897 wanting.
