2488 4296
270 353 348 410 88
722 351 1212 410 ALNWICK’S
1295 352 1858 413 VISITATIONS

379 511 675 566 WillelmuS,
717 510 1047 569 permissione
1087 509 1258 556 diuina
1300 510 1664 557 Lincolniensis
1703 514 1982 573 episcopus,
2031 514 2227 561 dilectis
2261 517 2311 562 in

268 569 469 620 Christo
507 574 621 620 filiis
660 574 813 634 priori
854 576 903 619 et
943 574 1212 619 conuentui
1252 575 1500 633 prioratus
1545 575 1609 622 de
1657 576 1878 632 Elsham,
1919 578 2110 623 ordinis
2150 581 2309 626 sancti

266 632 542 697 Augustini,
583 640 753 683 nostre
793 637 1024 692 diocesis,
1065 637 1382 696 presentibus
1421 641 1471 683 et
1509 638 1699 695 futuris,
1742 639 1964 695 salutem,
2006 642 2225 700 graciam
2260 646 2310 689 et

266 698 695 748 benediccionem.
778 700 1048 746 Visitantes
1071 701 1170 746 iam
1195 700 1385 746 dudum
1408 716 1485 747 vos
1507 705 1549 747 et
1572 703 1846 761 prioratum
1868 707 2087 750 vestrum
2111 705 2307 765 predic-

265 766 384 820 tum,
426 768 475 811 et
514 779 663 823 super
702 766 884 809 statum
924 763 1150 810 eiusdem
1190 764 1402 810 sollicite
1440 766 1762 827 inquirentes,
1804 766 1958 812 nichil
1997 768 2066 813 ibi
2107 770 2306 828 penitus

265 829 539 888 reperimus
575 827 712 889 quod
749 827 978 873 ordinem
1002 830 1086 872 aut
1111 827 1464 874 obseruancias
1489 829 1738 887 regulares
1763 833 1974 888 saperet,
2000 831 2090 877 sed
2113 835 2306 879 tantum

265 893 460 952 signum
498 891 576 937 cui
614 891 862 949 signatum
887 905 982 936 non
1006 892 1258 950 respondet.
1331 891 1426 939 Pro
1464 891 1829 938 reformacione
1865 893 2016 951 igitur
2051 894 2308 954 religionis

264 970 362 1018 que
384 955 506 1001 inibi
530 955 670 1016 quasi
700 952 901 1014 [perit],
928 953 1018 999 has
1054 957 1239 999 nostras
1274 955 1617 1001 iniuncciones
1638 956 1782 1001 vobis
1805 956 2186 1003 transmittimus
2219 973 2310 1018 per

264 1033 366 1076 VOS,
392 1021 635 1080 quatenus
657 1017 723 1063 ad
746 1032 836 1063 vos
858 1018 1049 1072 attinet,
1075 1018 1429 1064 inuiolabiliter
1453 1019 1808 1064 obseruandas.

394 1083 451 1127 In
491 1081 677 1141 primiS,
718 1095 833 1126 cum
874 1095 974 1126 non
1014 1082 1112 1126 sint
1151 1083 1201 1126 in
1244 1081 1382 1127 dicto
1420 1083 1644 1141 prioratu
1683 1083 1776 1128 nisi
1822 1085 2035 1144 quatuor
2079 1085 2309 1132 canonici

263 1149 431 1207 preter
465 1159 555 1190 vos
591 1145 823 1204 priorem,
862 1159 1075 1204 quorum
1114 1144 1215 1190 duo
1254 1147 1448 1190 tantum
1485 1145 1675 1191 dociles
1714 1160 1822 1192 esse
1862 1146 2095 1192 videntur
2130 1162 2223 1194 nec
2258 1149 2308 1195 in

263 1209 526 1270 primitiuis
550 1207 655 1253 αιιί1
692 1208 741 1253 in
778 1207 962 1266 regulis
985 1207 1151 1253 adhuc
1175 1211 1289 1253 sunt
1312 1209 1552 1262 instructi,
1580 1209 1881 1268 iniungimus
1903 1210 2048 1256 vobis
2070 1211 2223 1269 priori
2258 1213 2309 1257 in

263 1274 442 1320 virtute
466 1271 766 1318 obediencie
791 1274 839 1316 et
863 1271 954 1316 sub
979 1285 1110 1330 pena
1133 1272 1298 1330 grauis
1321 1274 1642 1331 contemptus
1665 1276 1716 1318 vt
1739 1272 1869 1318 infra
2194 1274 2210 1298 ²
2242 1275 2308 1321 ad

262 1351 412 1383 omne
448 1336 610 1381 minus
647 1334 954 1394 prouideatis
991 1334 1055 1380 de
1088 1349 1187 1380 vno
1222 1334 1406 1380 idoneo
1440 1335 1547 1381 viro
1582 1336 1633 1380 in
1670 1335 1956 1382 huiusmodi
1997 1338 2225 1383 scienciis
2259 1342 2310 1384 et
2372 1383 2376 1387 ,

263 1400 434 1459 regula
470 1399 636 1452 docto,
663 1398 746 1460 qui
784 1398 946 1444 dictos
982 1400 1254 1444 canonicos
1289 1399 1341 1444 in
1365 1399 1557 1444 eisdem
1581 1400 1810 1445 scienciis
1834 1403 1883 1446 et
1909 1401 2080 1459 regula
2114 1402 2309 1448 solicite

263 1466 473 1510 instruat
497 1466 546 1509 et
570 1461 819 1508 informet.
2320 1474 2324 1478 ’

394 1528 521 1572 Item
545 1526 845 1584 iniungimus
868 1525 1010 1571 vobis
1034 1526 1276 1572 vniuersis
1299 1528 1348 1571 et
1372 1526 1576 1585 singulis
1600 1527 1853 1572 canonicis
1877 1527 1969 1572 sub
1992 1541 2123 1587 pena
2145 1529 2302 1575 incar-

262 1591 538 1638 ceracionis
573 1604 663 1649 per
699 1590 820 1634 anni
855 1589 1190 1646 medietatem,
1217 1589 1354 1651 quod
1383 1590 1542 1650 priori
1575 1593 1721 1636 vestro
1755 1591 2030 1636 secundum
2054 1592 2305 1651 regulares

263 1654 616 1702 obseruancias
653 1653 905 1699 humiliter
928 1653 978 1697 in
1002 1654 1235 1699 omnibus
1258 1655 1308 1699 et
1337 1668 1427 1712 per
1451 1654 1619 1699 omnia
1642 1657 1691 1699 et
1714 1654 2001 1700 instructori
2025 1659 2191 1702 vestro
2213 1670 2304 1716 per

263 1720 427 1779 ipsum
465 1717 531 1763 ad
570 1717 668 1763 hoc
708 1716 949 1776 deputato
989 1717 1039 1762 in
1079 1716 1176 1762 hiis
1214 1731 1312 1779 que
1350 1717 1415 1762 ad
1452 1731 1565 1763 eum
1600 1719 1830 1776 spectent
1863 1717 2125 1775 obediatis,
2162 1722 2204 1765 et
2237 1720 2305 1765 ad

262 1781 602 1828 addiscendum
629 1779 901 1826 huiusmodi
916 1780 1193 1839 primitz'uas
1209 1781 1431 1826 sciencias
1447 1784 1488 1826 et
1506 1781 1747 1840 regulares
1763 1781 2098 1827 obseruancias
2109 1796 2120 1836 ;
2145 1783 2303 1845 quod-

263 1861 360 1908 que
403 1844 740 1906 vnusquisque
785 1843 994 1889 alterum
1039 1846 1297 1903 preueniat
1343 1845 1632 1891 reuerencia
1677 1847 1726 1891 et
1781 1845 1973 1891 honore
2028 1846 2304 1893 secundum

263 1909 519 1969 regulam3
555 1907 791 1969 quodque
831 1907 992 1952 nullus
1029 1911 1249 1953 vestrum
1287 1908 1498 1954 alterum
1537 1911 1711 1967 grauet
1750 1909 1934 1968 iurgiiS,
1972 1910 2302 1966 contumeliis,

262 1972 548 2034 opprobriis
580 1971 659 2017 vel
693 1970 987 2025 maledictis,
1013 1971 1103 2016 sed
1137 1972 1177 2016 si
1212 1971 1333 2033 quid
1357 1972 1585 2017 molestie
1608 1973 1737 2018 inter
1760 1987 1848 2018 vos
1873 1976 2108 2032 emergat,
2134 1975 2303 2020 statim

261 2037 504 2083 referatur
538 2035 706 2094 priori,
746 2036 798 2080 vt
834 2035 941 2094 ipse
979 2034 1232 2081 defectum
1273 2038 1322 2081 et
1360 2035 1735 2096 delinquentem
1775 2037 1992 2094 corrigat
2025 2037 2302 2083 secundum

263 2099 484 2160 regulam
509 2102 559 2144 et
582 2098 832 2144 emendet.

392 2164 518 2209 Item
555 2162 799 2208 habentes
834 2161 1070 2208 alimenta
1106 2164 1156 2207 et
1194 2163 1503 2217 vestimenta,
1529 2162 1625 2207 hiis
1650 2163 1872 2208 contenti
1896 2163 2006 2219 sitis,
2033 2178 2133 2209 non
2157 2177 2299 2225 quer·

261 2231 402 2274 entes
425 2226 644 2280 deliciaS,
670 2240 783 2271 cum
819 2227 1165 2284 paupertatem
1201 2226 1543 2281 voluntariam,
1569 2226 1919 2274 obedienciam
1957 2230 2007 2273 et
2042 2228 2301 2274 continen-

260 2292 388 2338 ciam
412 2290 534 2336 inibi
560 2290 665 2334 sitis
689 2288 889 2348 publice
912 2288 1136 2348 professi.

390 2355 517 2400 Item
540 2353 842 2412 iniungimus
864 2352 1008 2398 vobis
1031 2353 1272 2399 vniuersis
1296 2355 1346 2399 et
1369 2352 1574 2412 singulis
1598 2354 1852 2400 canonicis
1876 2353 2176 2412 supradictis
2210 2353 2303 2399 sub

260 2433 410 2478 supra
445 2421 494 2463 et
530 2416 860 2476 infrascriptis
896 2417 1052 2475 penis,
1078 2419 1129 2462 vt
1166 2416 1327 2461 nullus
1363 2420 1582 2462 vestrum
1619 2419 1762 2476 septa
1797 2417 2079 2463 claustralia
2102 2418 2301 2478 quouis-

261 2482 414 2529 modo
450 2483 594 2527 exeat
631 2494 724 2525 nec
758 2479 824 2525 ad
861 2478 1084 2526 officinas
1119 2481 1366 2540 prioratus
1399 2494 1657 2526 accessum
1681 2480 1865 2526 habeat
1889 2481 1982 2526 nisi
2006 2480 2072 2527 de
2093 2481 2304 2527 licencia

260 2546 440 2606 prioris
473 2545 630 2604 petita
664 2546 713 2589 et
746 2544 966 2596 obtenta,
991 2543 1087 2589 vel⁸
1109 2542 1174 2589 ad
1196 2543 1362 2605 aliqua
1386 2543 1564 2589 domus
1588 2544 1798 2602 negocia
1821 2545 2000 2589 missus
2023 2543 2177 2590 fuerit
2210 2559 2301 2604 per

259 2611 477 2671 priorem
503 2626 512 2664 ;
549 2607 728 2670 quibus
752 2606 1014 2666 expeditis,
1039 2607 1207 2652 statim
1231 2607 1405 2653 redeat
1427 2607 1493 2653 ad
1517 2606 1800 2653 claustrum.

390 2674 517 2718 Item
552 2671 854 2729 iniungimus
887 2671 1031 2716 vobis
1063 2671 1306 2716 vniuersis
1329 2673 1379 2716 et
1402 2670 1623 2730 singulis‘
1646 2671 1739 2716 sub
1762 2672 1905 2731 penis
1927 2670 2226 2727 huiusmodi,
2252 2673 2304 2718 vt

260 2738 324 2783 ab
349 2737 484 2782 omni
508 2736 761 2789 ebrietate,
788 2734 991 2793 crapula
1015 2736 1064 2780 et
1086 2735 1202 2793 gula
1225 2734 1422 2794 penitus
1446 2735 1737 2780 abstineatis
1762 2752 1771 2792 3
1808 2738 1857 2780 et
1875 2736 1915 2780 si
1935 2736 2045 2797 quis
2068 2736 2119 2780 in
2143 2735 2301 2781 ebrie-

260 2803 361 2847 tate
402 2799 746 2859 deprehensus
785 2798 946 2853 fuerit,
988 2812 1081 2857 pro
1121 2799 1282 2857 prima
1321 2797 1417 2843 vice
1456 2798 1628 2857 primis
1669 2801 1845 2860 quarta
1884 2801 1934 2845 et
1980 2802 2120 2845 sexta
2163 2799 2302 2845 feriis

261 2865 445 2911 ieiunet
483 2864 533 2908 in
573 2876 703 2922 pane
743 2864 792 2907 et
831 2862 1053 2917 ceruisia,
1089 2876 1182 2921 pro
1216 2861 1437 2907 secunda
1471 2862 1581 2907 vice
1617 2862 1790 2921 primis
1826 2865 2010 2908 extunc
2044 2865 2220 2924 quarta
2254 2864 2303 2908 et

261 2930 399 2973 sexta
423 2926 559 2972 feriis
593 2926 778 2971 ieiunet
811 2925 861 2970 in
886 2940 1015 2985 pane
1039 2928 1089 2971 et
1112 2940 1253 2987 aqua,
1280 2927 1336 2970 et‘
1352 2939 1444 2984 pro
1468 2925 1624 2971 tercia
1647 2926 1755 2971 vice
1779 2926 2012 2971 omnibus
2036 2926 2224 2984 quartis
2259 2927 2302 2970 et

260 2991 412 3037 sextis
446 2990 582 3036 feriis
616 3004 705 3050 per
728 3004 879 3034 vnum
903 3003 1126 3034 mensem
1161 2989 1450 3034 continuum
1474 2989 1701 3047 proxime
1725 2991 2019 3050 sequentem
2041 2988 2228 3034 ieiunet
2250 2989 2301 3033 in

260 3069 390 3115 pane
414 3057 463 3100 et
485 3068 626 3115 aqua,
653 3055 702 3098 et
725 3053 797 3098 sic
820 3055 1076 3098 crescente
1101 3052 1248 3111 culpa
1270 3058 1509 3111 augeatur
1531 3054 1581 3097 et
1604 3066 1747 3110 pena.

392 3118 517 3164 Item
552 3117 853 3175 iniungimus
875 3116 1019 3162 vobis
1042 3117 1196 3176 priori
1220 3115 1312 3160 sub
1335 3129 1466 3175 pena
1488 3116 1653 3174 grauis
1676 3117 2007 3174 contemptus,
2032 3117 2084 3160 vt
2107 3114 2301 3161 confra-

261 3185 363 3228 tres
397 3184 591 3226 vestros
626 3181 677 3225 in
711 3179 1019 3238 regularibus
1053 3179 1393 3225 obseruanciis
1415 3179 1494 3224 vel
1518 3177 1691 3223 diuino
1716 3179 1928 3224 seruicio
1952 3178 2303 3239 delinquentes

261 3244 606 3291 indifferenter
642 3243 831 3304 absque
865 3245 1002 3288 omni
1035 3257 1362 3302 personarum
1385 3243 1688 3301 accepcione
1712 3242 1973 3301 corrigatis
1997 3245 2046 3288 et
2070 3242 2300 3302 puniatis,

262 3311 330 3355 ita
352 3311 404 3355 vt
427 3322 558 3367 pena
580 3307 722 3352 vnius
746 3307 925 3352 ceteris
949 3310 1137 3353 metum
1160 3307 1390 3353 incuciat.

390 3372 655 3417 Monemus
678 3371 881 3428 insuper
902 3384 1005 3424 vos,
1031 3373 1125 3416 etc.

362 3467 380 3542 ἑ
406 3465 627 3524 Interlined
653 3465 778 3502 above
800 3445 870 3501 ,nec
895 3464 1110 3505 cancelled.

361 3569 377 3646 ζ
400 3515 827 3657 Ξῖῗῖἷῷἳῗέἒιῗὲιιεᾱ.

403 3634 427 3658 v
468 3632 587 3657 cauce
623 3630 643 3656 e
676 3646 685 3656 .

364 3691 377 3715 ¹
407 3689 600 3729 Founded
620 3701 669 3726 on
689 3687 827 3726 detecta
847 3688 888 3725 of
912 3688 979 3725 the
998 3689 1105 3737 prior
1123 3690 1200 3727 and
1223 3689 1406 3730 Bartone.

359 3745 376 3768 2
404 3740 595 3780 Founded
614 3753 665 3778 on
683 3740 751 3777 the
770 3739 907 3788 prior's
924 3739 1080 3778 detecta.

361 3794 377 3818 ⁸
405 3791 598 3832 Founded
617 3804 667 3829 on
690 3790 838 3828 Hede’s
857 3790 939 3828 first
958 3790 1151 3828 detectum.

360 3846 377 3869 ⁴
405 3842 597 3883 Founded
614 3854 666 3881 on
685 3842 752 3880 the
772 3841 912 3893 prior’s
931 3840 1006 3880 last
1024 3842 1218 3882 detectum.
