2476 4412
811 449 1485 508 INTRODUCTION
2042 453 2164 510 lxiii

272 612 546 668 Benedicti,
571 614 738 658 nostre
755 610 1005 667 diocesis,1
1022 610 1243 666 salutem,
1268 610 1485 669 graciam
1502 612 1553 656 et
1575 610 1997 656 benediccionem.
2042 613 2166 671 Quia

269 690 358 721 vos
401 679 450 721 et
494 676 846 721 monasterium
889 677 1103 720 vestrum
1149 674 1429 732 predictum
1472 676 1574 719 tam
1619 674 1668 717 in
1713 675 1876 732 capite
1920 689 2067 735 quam
2115 676 2165 720 in

271 739 506 783 membris
559 739 664 783 iure
724 741 893 783 nostro
962 737 1216 782 ordinario
1284 737 1484 781 visitare
1553 738 1876 795 proponimus
1949 738 2165 784 Domino

270 801 611 856 concedente,²
642 805 814 846 tenore
841 799 1153 858 presencium
1177 800 1511 858 peremptorie
1533 813 1622 844 vos
1645 800 1866 855 citamus,
1892 803 1941 845 et
1964 815 2052 859 per
2077 815 2167 846 uos

273 879 446 910 omnes
481 868 529 910 et
563 864 782 922 singulos
816 862 1218 917 commonachos,
1243 862 1537 908 confratres³
1563 866 1612 907 et
1635 876 1904 908 conuersos
1928 863 2168 908 eiusdem⁴

271 928 554 972 monasterii
591 926 748 972 citari⁵
785 926 1010 970 volumus
1046 927 1094 970 et
1133 925 1438 977 mandamuS,
1475 925 1611 986 quod
1648 925 1729 970 die
1769 926 1907 971 Lune
1940 928 2166 985 proxima

270 994 383 1049 post
427 990 607 1036 festum
651 993 933 1034 sanctorum
980 988 1130 1033 Nerei
1176 992 1224 1033 et
1268 988 1478 1033 Achillei
1525 989 1749 1046 proxime
1793 988 2028 1033 futurum⁶
2068 1006 2166 1034 cum

268 1055 599 1099 continuacione
635 1060 678 1098 et
701 1052 1016 1111 prorogacione
1049 1052 1224 1096 dierum
1261 1059 1366 1096 tunc
1402 1053 1674 1110 sequencium
1719 1052 1767 1096 in
1806 1052 1958 1097 domo
2002 1056 2165 1098 vestra

271 1117 529 1175 capitulari
575 1130 742 1162 coram
787 1116 930 1160 nobis
974 1129 1059 1159 seu
1105 1116 1453 1159 commissariis
1501 1115 1682 1161 nostris
1726 1131 1815 1160 uno
1852 1118 1925 1160 vel
1956 1118 2167 1174 pluribus

270 1180 600 1238 compareatis
657 1182 705 1224 et
760 1178 1098 1237 compareant⁷
1157 1177 1517 1223 visitacionem8
1576 1178 1859 1223 huiusmodi
1917 1178 2166 1224 humiliter

271 1243 491 1299 subituri,
516 1243 916 1299 fundacionemque
952 1242 1062 1286 dicti
1087 1242 1356 1294 monasterii,
1395 1244 1575 1286 statum
1613 1242 1835 1286 eiusdem
1871 1243 2165 1303 titulumque

271 1305 667 1351 confirmacionis
711 1305 975 1350 eleccionis
1019 1305 1212 1359 uestre⁹,
1259 1319 1453 1349 necnon
1509 1305 1848 1350 iniuncciones
1903 1306 2163 1364 predeces-

270 1383 435 1413 sorum
469 1367 782 1413 nostrorum¹⁰
815 1368 864 1411 in
912 1367 1259 1412 visitaciom'bus
1307 1369 1400 1412 suis
1448 1369 1589 1412 vobis
1640 1371 1688 1412 et
1728 1368 2164 1427 predecessoribus

274 1433 447 1476 vestris
522 1432 678 1476 factas
753 1431 875 1475 nobis
947 1446 1022 1474 seu
1096 1433 1412 1475 commissoriis
1498 1432 1666 1475 nostris
1740 1431 2043 1476 exhibituri¹1
2115 1436 2164 1477 et

270 1496 514 1540 ostensuri
537 1509 594 1539 ac
619 1494 820 1539 eorum¹³
842 1495 1041 1538 omnium
1066 1508 1205 1538 veras
1229 1495 1398 1551 copias
1416 1508 1570 1552 penes
1588 1494 1923 1552 registrarium
1942 1498 2164 1540 nostrum

272 1558 533 1612 dimissuri,
565 1558 826 1615 jactarique
859 1558 1047 1602 vlterius
1080 1564 1123 1601 et
1161 1558 1380 1614 recepturi
1414 1559 1537 1615 quod
1586 1559 1846 1602 huiusmodi
1890 1560 2164 1603 visitacionis

273 1621 492 1678 negocium
537 1621 677 1678 exigit
715 1627 759 1664 et
798 1621 992 1677 requirit
1007 1639 1028 1673 ‚·
1077 1621 1217 1665 vobis
1262 1620 1588 1665 mandantes¹³
1631 1621 1862 1680 quatinus
1907 1622 2073 1666 omnia
2117 1626 2166 1667 et

272 1683 462 1740 singula
496 1684 733 1741 premissa
755 1686 804 1728 et
826 1682 952 1727 alia¹⁴
974 1697 1069 1743 que
1092 1683 1156 1727 ad
1179 1686 1342 1728 actum
1365 1683 1668 1728 visitacionis
1691 1687 1857 1728 nostre
1882 1683 2163 1730 huiusmodi

274 1746 566 1804 pertinent¹⁵
605 1746 772 1791 debite
811 1745 1026 1804 parere²‘3
1063 1747 1258 1791 curetis.
1345 1746 1501 1790 Vobis
1540 1746 1742 1804 insuper
1780 1746 2061 1792 inhibemus
2101 1763 2163 1794 ne

272 1808 521 1867 pendente
559 1809 846 1853 visitacione
898 1812 1064 1853 nostra
1103 1808 1384 1852 huiusmodi
1430 1809 1693 1868 quicquam
1739 1809 1787 1853 in
1833 1811 2159 1868 preiudicium

274 1870 493 1916 eiusdem
537 1872 841 1929 attemptetis
883 1870 1075 1916 faciatis
1131 1871 1228 1915 de¹⁷
1286 1871 1596 1931 aliqualiter³⁸
1648 1874 1967 1931 attemptari;
2025 1877 2168 1919 latori

270 1935 425 1979 etenim
457 1935 732 1992 presencium
776 1933 934 1978 ηιιείο19
977 1941 1127 1978 nostro
1168 1935 1218 1978 in
1258 1934 1341 1978 hac
1373 1942 1510 1992 parte
1554 1935 1706 1979 iurato
1749 1943 1885 1993 super
1921 1939 2165 1982 tradicione

269 1997 524 2041 earundem
549 1996 1349 2056 vobisfidelz'terfaciendafirmam
1362 1998 1510 2057 fidem
1536 2013 1680 2056 quam
1709 1999 1927 2044 debemus
1949 2000 2163 2046 volumus

269 2057 506 2104 adhibere.
596 2059 672 2103 De
726 2058 854 2104 die⁹⁰
916 2060 1226 2118 recepcionis
1280 2062 1591 2118 presencium
1648 2063 1696 2106 et
1751 2063 1870 2122 quid
1915 2064 2160 2110 vlterius²¹

267 2121 482 2166 feceritis
526 2122 575 2165 in
621 2122 871 2180 premissis
918 2136 1007 2167 nos
1050 2126 1134 2167 aut
1173 2124 1566 2168 commissarium
1611 2127 1831 2169 nostrum
1877 2126 2160 2174 huiusmodi

267 2183 412 2228 dictis
455 2183 536 2228 die
581 2188 629 2229 et
672 2184 785 2229 loco
829 2185 1062 2230 distincte
1107 2185 1390 2231 certificetis
1435 2190 1484 2231 et
1538 2192 1708 2245 aperte
1762 2189 1937 2234 litteris
1987 2193 2160 2236 vestris

265 2247 545 2304 patentibus
587 2246 759 2292 harum
805 2249 981 2292 seriem
1027 2250 1326 2310 nominaque
1370 2255 1419 2295 et
1463 2253 1761 2308 cognomina
1806 2253 2069 2298 citatorum
2109 2257 2158 2299 in

265 2308 464 2354 scedula
485 2311 659 2354 vestris
692 2311 868 2355 litteris
898 2310 1259 2356 certificatoriis
1293 2314 1605 2358 annectenda
1639 2315 1831 2372 plenius
1865 2318 2159 2362 continenti-

267 2373 360 2417 bus
381 2374 658 2418 auctentice
691 2374 966 2431 sigillatis.²‘³
1033 2374 1162 2419 Data
1197 2376 1288 2420 sub
1323 2376 1483 2434 sigillo
1516 2380 1687 2423 nostro
1721 2379 1769 2422 in
1805 2383 1967 2424 castro
1991 2389 2161 2426 nostro

239 2482 251 2505 ²
277 2483 418 2520 ordinis
434 2486 554 2520 sancti
568 2484 769 2522 Benedicti
785 2485 863 2522 and
881 2491 1003 2522 nostre
1020 2486 1178 2524 diocesis
1203 2487 1450 2535 transposed,
1470 2488 1520 2525 fo.
1542 2496 1601 2532 77.

238 2532 255 2556 2
277 2535 436 2572 visitare
445 2537 689 2583 proponimus
705 2535 783 2572 and
801 2535 965 2573 Domino
981 2537 1190 2574 concedente
1209 2539 1460 2588 transposed,
1482 2539 1531 2576 fo.
1558 2548 1617 2586 77.

239 2583 255 2607 ⁸
278 2584 544 2623 commonachos
559 2586 636 2623 and
653 2588 860 2634 confratres
875 2588 1125 2637 transposed,
1146 2589 1197 2624 s0.
1219 2596 1281 2633 77.

239 2634 254 2659 ⁴
278 2634 369 2673 dicti
383 2637 500 2674 vestri
515 2636 667 2674 instead
685 2638 727 2674 of
740 2639 917 2682 eiusdem,
937 2637 988 2675 fo.
1011 2646 1069 2683 77.

239 2684 256 2708 ⁵
274 2690 518 2735 peremptorie
535 2693 569 2724 et
579 2690 801 2738 premuniri
819 2689 961 2727 added.
981 2689 1032 2725 fo.
1054 2697 1116 2734 77.

149 2786 156 2794 α
238 2734 254 2758 ⁶
283 2736 327 2824 186
349 2736 456 2786 May,
479 2744 586 2784 1457.
638 2738 725 2776 The
744 2739 833 2776 date
853 2752 903 2776 on
924 2740 974 2778 fo.
1000 2748 1044 2785 77
1066 2741 1097 2777 is
1116 2740 1178 2778 die
1198 2742 1307 2778 Lune
1334 2744 1374 2779 in
1401 2744 1540 2791 vigilia
1572 2745 1819 2782 exaltacionis
1849 2751 1975 2783 sancte
2009 2748 2160 2795 Crucis,

139 2798 202 2823 ιι.
226 2796 268 2831 13
318 2798 412 2838 ept.‚
433 2795 541 2834 1473.

238 2836 252 2863 ⁷
277 2841 520 2887 compareatis
549 2845 585 2876 et
613 2846 848 2883 compareant
879 2841 964 2890 (sie)
997 2855 1121 2879 eorum
1154 2843 1313 2890 quilibet
1340 2857 1462 2882 coram
1495 2845 1597 2883 nobis
1625 2852 1692 2882 aut
1717 2849 1991 2886 commissoriis
2021 2851 2160 2888 nostris

135 2886 288 2924 instead
307 2888 348 2924 of
361 2902 484 2926 coram
514 2917 523 2926 .
554 2918 563 2927 .
594 2918 603 2927 .
629 2897 875 2940 compareant,
894 2893 945 2929 fo.
966 2900 1025 2936 77.

234 2936 250 2960 ⁸
274 2945 436 2976 nostram
454 2940 692 2979 ordinariam
712 2942 855 2987 added,
875 2943 925 2980 fo.
946 2951 1005 2988 77.

135 3038 150 3074 f
233 2987 249 3012 ⁹
273 2995 483 3039 statumque
501 2993 621 3041 ipsius
638 2995 860 3031 monasterii
874 3007 917 3031 ac
935 2996 1088 3032 titulum
1108 2996 1357 3034 incumbencie
1374 3002 1494 3034 vestre
1512 2997 1663 3035 instead
1679 2999 1722 3036 of
1736 3005 1874 3036 statum
1905 3029 1911 3038 .
1942 3030 1951 3039 .
1983 3031 1991 3039 .
2020 3010 2154 3052 uestre,

152 3051 186 3077 0.
211 3046 269 3084 77.

215 3089 246 3112 ¹⁰
266 3097 336 3140 per
343 3091 617 3141 predecessores
634 3099 774 3132 nostros
791 3095 945 3133 instead
965 3096 1006 3133 οἱ
1015 3097 1317 3146 predecessorum
1337 3104 1561 3144 nostrorum,
1581 3100 1633 3136 fo.
1657 3107 1717 3146 77.

216 3140 246 3164 ¹¹
273 3147 309 3178 et
324 3142 548 3190 exhibituri,
570 3144 622 3182 fo.
645 3152 706 3190 77.

218 3189 248 3214 ²²
271 3205 468 3242 eorumque
485 3194 638 3233 instead
658 3197 699 3232 of
714 3209 757 3233 ac
785 3210 924 3243 eorum,
945 3197 995 3237 fo.
1015 3207 1075 3246 77.

217 3240 248 3265 ¹⁸
273 3244 493 3281 mandamus
510 3246 567 3282 for
584 3247 817 3292 mandantes,
839 3249 888 3285 fo.
908 3257 970 3296 77.

218 3290 248 3316 ¹⁴
265 3296 448 3342 premissa
465 3299 660 3346 omniaque
676 3300 757 3335 alia
775 3304 811 3335 et
826 3300 976 3346 singula
996 3300 1147 3337 instead
1169 3301 1210 3337 of
1225 3305 1352 3338 omnia
1379 3330 1389 3340 .
1418 3330 1426 3338 .
1458 3330 1467 3340 .
1500 3329 1509 3340 .
1538 3305 1634 3350 alia,
1655 3305 1708 3342 1‘0.
1730 3313 1792 3353 77.

217 3340 247 3366 ¹⁵
272 3356 316 3380 ae
332 3347 448 3383 eciam
464 3351 746 3393 procuraciones
765 3350 866 3387 nobis
883 3353 1031 3388 racione
1048 3351 1262 3389 huiusmodi
1278 3359 1400 3391 nostre
1417 3355 1651 3393 visitacionis
1669 3356 1812 3394 debitas
1829 3358 1974 3406 added,
1996 3360 2046 3397 fo.
2067 3369 2127 3408 77.

217 3391 248 3416 ¹⁶
265 3400 422 3443 parare,
441 3396 492 3434 fo.
519 3406 581 3445 77.

217 3443 247 3471 ¹⁷
273 3444 337 3482 Sic
352 3460 365 3483 :
390 3446 441 3485 fo.
466 3456 512 3496 77
532 3449 602 3486 'nas
619 3449 770 3500 rightly
787 3464 843 3490 ve.

216 3493 247 3518 ¹⁸
271 3495 316 3532 ab
332 3498 424 3534 aliis
439 3500 700 3547 quomodolibet
716 3501 774 3539 for
791 3503 1021 3551 aliqualiter,
1052 3502 1101 3542 fo.
1127 3511 1187 3551 77.

212 3544 246 3586 3⁹
271 3547 358 3584 Sic:
387 3547 447 3585 for
463 3553 606 3588 nuncio.

213 3594 246 3619 2⁰
269 3597 398 3635 diebus
414 3611 499 3638 vero
517 3600 576 3638 for
592 3602 667 3644 die,
686 3602 737 3639 fo.
757 3611 820 3651 77.

155 3697 185 3733 lt
214 3646 244 3704 ²²,
270 3650 459 3735 citcfzcionis
476 3664 545 3699 que
562 3658 599 3688 et
615 3655 866 3691 monicionum
886 3661 1096 3692 nostrorum
1118 3657 1219 3703 (sic),
1238 3670 1378 3695 necnon
1397 3659 1441 3695 de
1458 3661 1564 3697 omni
1580 3674 1616 3698 eo
1636 3661 1735 3710 quod
1750 3661 1904 3701 instead
1933 3665 1974 3701 of
1997 3672 2033 3703 et
2056 3668 2153 3716 quid

131 3708 154 3732 v
185 3710 299 3743 erius,
336 3712 369 3737 o.
394 3708 455 3747 77.

216 3746 248 3771 ²²
273 3749 360 3787 The
379 3763 544 3800 passage
563 3766 625 3791 nos
644 3761 710 3790 aut
726 3757 1021 3793 commissarium
1053 3785 1061 3793 .
1094 3785 1102 3794 .
1135 3787 1143 3798 .
1174 3785 1184 3797 .
1214 3761 1393 3806 sigillatis
1412 3772 1504 3797 runs
1531 3761 1622 3798 thus
1656 3763 1695 3799 in
1723 3763 1774 3800 fo.
1797 3772 1871 3811 77:
1899 3765 2009 3803 dictis
2035 3766 2093 3804 die
2120 3775 2156 3805 et

60 3846 68 3855 ‚
135 3797 206 3834 loco
213 3805 287 3848 per
305 3802 448 3838 litteras
465 3810 607 3840 vestras
619 3810 789 3853 patentes
818 3806 955 3844 harum
986 3810 1122 3845 seriem
1152 3812 1375 3858 nominaque
1403 3818 1439 3847 et
1465 3816 1676 3859 cognomina
1699 3821 1773 3864 per
1797 3828 1858 3852 vos
1885 3818 1924 3853 in
1953 3817 2020 3854 hac
2041 3826 2152 3868 parte

133 3848 366 3888 citandorum
386 3853 426 3889 in
444 3854 591 3892 scedula
609 3857 744 3893 vestris
763 3858 903 3895 litteris
920 3861 1198 3906 certificatoriis
1216 3862 1442 3898 annectenda
1461 3864 1501 3899 in
1520 3876 1558 3898 se
1570 3865 1722 3912 plenius
1740 3870 1962 3903 continentes
1979 3868 2153 3910 distincte

134 3903 171 3938 et
185 3906 310 3954 aperte
328 3915 391 3943 nos
408 3909 474 3942 aut
490 3907 763 3947 commissarios
781 3913 920 3949 nostros
938 3909 1153 3950 huiusmodi
1170 3913 1383 3960 certificetis
1399 3916 1577 3954 autentice
1591 3915 1654 3951 sub
1672 3917 1807 3963 sigillo.
