2488 4296
261 375 341 431 94
716 354 1203 414 ALNWICK'S
1287 354 1848 416 VISITATIONS

267 513 474 570 Palmer,
499 512 726 573 Johanne
764 513 1053 573 Brownyng
1076 515 1125 557 et
1162 513 1389 574 Johanne
1416 514 1714 560 Puttenham
1739 532 1748 571 ;
1786 518 1835 561 et
1860 514 2045 562 deinde
2069 515 2302 563 dominus

264 577 457 623 monuit
496 575 712 621 eundem
753 575 1012 620 dominum
1051 575 1350 636 Johannem1
1395 578 1531 623 iuxta
1574 577 1788 623 formam
1834 581 2130 625 statutorum
2165 579 2302 641 quod

265 641 500 686 decetero
524 653 623 684 non
649 638 932 699 frequentet
955 638 1343 685 familiaritatem
1366 641 1445 686 vel
1469 640 1674 686 domum
1698 641 1833 687 dicte
1859 642 2108 689 Emmote.

395 704 522 748 Item
546 702 668 748 dicit
692 702 828 764 quod
853 701 1084 747 dominus
1107 702 1328 749 Thomas
1354 704 1582 750 Nortone
1605 719 1634 750 a
1658 704 1744 749 diu
1769 708 1844 750 est
1867 705 2154 752 diffamatus
2187 721 2301 752 cum

266 781 419 812 vxore
454 765 693 827 Johannis
731 765 991 822 Barbour3
1028 769 1078 811 et
1112 780 1202 826 per
1237 767 1359 812 istos
1396 767 1522 813 duos
1559 768 1722 813 socios
1745 770 1905 813 totum
1929 769 2194 829 collegium
2228 772 2304 816 est

266 828 576 875 diffamatum
601 832 650 874 et
673 829 745 874 sic
767 828 860 873 fuit
883 830 989 874 istis
1011 830 1092 889 xvj
1117 831 1260 875 annis
1284 834 1334 875 et
1355 831 1580 890 amplius.
1648 831 1839 876 Tamen
1878 831 2001 878 dicit
2036 833 2174 894 quod
2209 833 2303 879 iste

263 892 485 939 Thomas
509 907 610 938 non
633 892 762 937 adeo
786 891 1070 953 frequentat
1095 893 1299 938 domum
1324 893 1458 939 dicte
1482 894 1701 939 mulieris
1723 897 1776 939 vt
1799 894 1960 951 solito,
1987 910 2048 941 ex
2071 911 2171 958 quo
2194 897 2303 956 ipse

264 957 499 1016 magister
544 970 658 1002 eum
702 957 895 1001 monuit
940 956 1005 1002 de
1049 956 1351 1002 dimittendo
1397 972 1522 1003 eam.
1593 957 1885 1017 Comparuit
1928 961 1979 1004 et
2022 959 2205 1006 fatetur
2250 974 2304 1006 se

266 1019 578 1065 diffamatum
619 1034 732 1064 curn
772 1018 924 1064 dicta²
961 1019 1168 1065 muliere
1207 1034 1297 1079 per
1337 1035 1403 1065 xx
1442 1035 1600 1066 annos
1623 1037 1632 1068 z
1689 1023 1839 1080 negat
1882 1024 2051 1068 tamen
2095 1024 2299 1069 crimen.

265 1084 468 1129 Fatetur
492 1097 545 1128 se
568 1081 886 1144 frequentare
905 1082 1110 1128 domum
1135 1083 1269 1129 dicte
1293 1084 1524 1140 mulieris,
1543 1087 1712 1130 tamen
1732 1099 1844 1130 cum
1863 1086 2001 1131 socio
2019 1088 2068 1131 et
2091 1085 2305 1132 honesto

263 1146 416 1192 modo
444 1163 453 1202 3
489 1149 539 1192 et
563 1146 716 1191 habet
739 1146 804 1191 ad
827 1145 1141 1205 purgandum
1166 1161 1220 1192 se
1242 1161 1356 1192 cum
1379 1147 1538 1193 tribus
1562 1148 1710 1193 sociis
1733 1149 1847 1193 suis.
1909 1149 1974 1194 Et
1997 1151 2228 1209 purgauit
2251 1165 2305 1197 se

263 1225 377 1256 cum
416 1208 687 1270 Pal[mer]‚
713 1209 1002 1268 Appultone
1039 1213 1089 1256 et
1126 1210 1316 1265 Toune,
1343 1213 1392 1256 et
1415 1211 1634 1256 monitus
1658 1215 1733 1256 est
1755 1212 1892 1257 iuxta
1915 1212 2128 1259 formam
2153 1216 2303 1259 statu-

261 1276 427 1319 torum
466 1273 604 1334 quod
649 1272 886 1319 decetero
931 1288 1032 1319 non
1078 1273 1364 1334 frequentet
1407 1274 1575 1320 locum
1618 1274 1750 1320 illius
1794 1275 2014 1322 mulieris
2048 1277 2140 1323 sub
2174 1291 2306 1336 pena

262 1337 569 1397 expulsionis
591 1351 621 1382 a
644 1336 874 1395 collegio.

392 1400 518 1446 Item
544 1399 666 1446 dicit
689 1400 827 1462 quod
850 1399 1117 1460 collegium
1139 1400 1234 1446 fuit
1256 1400 1588 1447 indebitatum
1610 1404 1839 1462 tempore
1862 1403 2113 1463 ingressus
2147 1404 2221 1450 sui
2254 1404 2305 1450 in

262 1464 356 1525 cvij
382 1464 430 1509 li.
455 1467 506 1510 et
527 1464 667 1519 vltra,
693 1467 745 1509 vt
768 1464 943 1510 credit.

390 1528 518 1574 Item
558 1527 681 1574 dicit
716 1528 853 1589 quod
889 1529 969 1573 isti
994 1529 1065 1574 sic
1089 1527 1413 1585 confederati,
1440 1542 1501 1574 eo
1524 1529 1661 1590 quod
1684 1544 1786 1575 non
1809 1529 1912 1575 vult
1935 1545 2107 1577 eorum
2133 1530 2297 1578 desid-

260 1591 408 1648 eriis?
442 1594 618 1637 contra
653 1592 899 1637 iusticiam
935 1591 1235 1651 expellendo
1275 1592 1545 1638 Redburne
1590 1608 1619 1638 a
1655 1593 1869 1652 collegio
1904 1594 2094 1655 absque
2117 1595 2297 1654 proba-

257 1655 486 1701 cionibus
523 1658 573 1701 et
607 1669 757 1701 cause
792 1656 1101 1714 cognicione,
1128 1655 1219 1701 sed
1254 1655 1414 1701 solum
1450 1655 1726 1702 secundum
1763 1671 1936 1703 eorum
1960 1657 2118 1704 nudas
2140 1673 2297 1704 asser-

260 1720 431 1765 ciones
453 1719 643 1781 absque
667 1719 808 1778 pluri,
834 1723 947 1764 sunt
965 1720 1172 1764 multum
1191 1718 1482 1780 rebel[les]‚
1502 1720 1851 1767 inobedientes
1869 1724 1920 1767 et
1937 1722 2296 1779 contumeliosi,

260 1782 490 1829 vocando
513 1784 676 1843 ipsum
698 1783 952 1829 ideotam.⁴²

389 1847 518 1892 Item
540 1846 772 1892 dominus
802 1846 1055 1907 Johannes
1090 1847 1279 1903 Toune,
1306 1848 1470 1893 socius
1493 1850 1778 1907 perpetuus,
1798 1848 1987 1908 publice
2010 1847 2298 1895 diffamatus

260 1912 335 1956 est
349 1925 462 1956 cum
479 1910 729 1969 Margeria
744 1910 890 1971 Veys,
909 1925 1063 1956 vxore
1077 1910 1292 1971 Junioris
1308 1911 1454 1971 Veys,
1474 1926 1623 1972 quam
1641 1912 1833 1958 inducit
1850 1913 1899 1958 in
1925 1911 2007 1974 [c]
2015 1911 2292 1974 am[eram]

261 1989 399 2019 suam
436 1973 567 2019 infra
602 1974 868 2033 collegium
905 1974 1202 2020 multociens
1237 1974 1302 2020 ad
1340 1974 1537 2020 libitum
1573 1990 1729 2032 suum,
1756 1976 1823 2021 et⁵
1859 1991 1920 2022 eo
1955 1977 2215 2036 potissime
2248 1977 2299 2022 in

260 2038 496 2083 absencia
518 2038 741 2097 magistri
763 2038 986 2083 absentis
1009 2038 1059 2083 in
1083 2039 1308 2097 negociis
1331 2037 1588 2100 colleg[ii]
1617 2057 1626 2095 3
1663 2043 1711 2085 et
1744 2040 1855 2099 ipso
1879 2043 2111 2100 presente
2145 2039 2298 2086 habet

259 2101 514 2161 publicum
553 2115 808 2147 accessum
848 2101 913 2147 ad
952 2101 1165 2147 eandem
1204 2102 1447 2161 suspectis
1485 2102 1624 2148 locis.
1694 2103 1909 2150 Obiecto
1944 2104 2038 2150 sibi
2074 2103 2297 2160 articulo,

261 2168 409 2225 negat
445 2166 633 2212 crimen
669 2165 734 2210 ab
770 2165 905 2210 omni
940 2168 1202 2225 tempore;
1238 2165 1422 2211 fatetur
1444 2169 1611 2212 tamen
1634 2167 1793 2226 ipsam
1818 2167 1970 2213 fuisse
2017 2203 2027 2213 .
2078 2204 2087 2213 .
2138 2203 2147 2213 .
2186 2166 2215 2213 ‚⁶
2247 2168 2298 2213 in

260 2243 459 2274 camera
482 2244 570 2274 sua
593 2243 775 2285 secum,
803 2243 903 2274 non
926 2232 1093 2275 tamen
1117 2229 1238 2289 ipsis
1263 2229 1460 2275 duobus
1483 2230 1614 2276 solis.
1667 2230 1812 2276 Vnde
1837 2231 2069 2277 dominus
2087 2231 2299 2277 iniunxit

260 2293 355 2338 sibi
400 2293 758 2351 purgacionem
804 2307 917 2338 cum
962 2293 1012 2353 iij
1061 2293 1210 2338 sociis
1246 2310 1254 2348 ;
1312 2295 1362 2338 et
1407 2293 1478 2339 sic
1523 2294 1755 2353 purgauit
1797 2309 1850 2340 se
1895 2309 2008 2340 cum
2052 2293 2296 2355 Assheby‚

262 2356 551 2416 Brownyng
574 2359 624 2401 et
651 2356 963 2402 Puttenham.
1034 2356 1101 2401 Et
1124 2355 1311 2402 deinde
1335 2356 1627 2416 simpliciter
1649 2358 1894 2403 abiurauit
1918 2358 2105 2404 dictam
2128 2357 2298 2404 mulie-

260 2435 366 2466 rem
404 2424 453 2466 et
489 2434 691 2466 omnem
730 2421 834 2465 eius
857 2419 1246 2466 familiaritatem
1270 2423 1567 2480 suspectam,
1596 2423 1645 2467 et
1668 2421 1886 2467 monitus
1909 2424 1998 2477 est,
2024 2424 2134 2477 etc.‚
2159 2421 2298 2483 quod

259 2483 493 2530 obseruet
516 2483 615 2530 hoc
637 2498 780 2529 suum
805 2484 1134 2529 iuramentum
1159 2484 1251 2529 sub
1275 2498 1406 2543 pena
1428 2485 1981 2531 excommunicacionis.

389 2547 634 2593 Dominus
681 2546 964 2592 Willelmus
1007 2548 1200 2607 Typpe,
1247 2551 1527 2607 precentor,
1575 2548 1698 2594 dicit
1742 2548 1880 2610 quod
1926 2548 2108 2595 dicitur
2162 2549 2300 2610 quod

262 2611 513 2671 Johannes
555 2610 825 2656 Redburne
863 2611 1048 2657 alienat
1085 2626 1262 2657 carnes
1301 2614 1353 2657 et
1391 2612 1554 2670 pisces
1600 2611 1665 2658 de
1708 2626 1975 2658 communa
2015 2612 2212 2672 collegii
2248 2612 2300 2658 in

264 2688 496 2734 magnum
521 2674 874 2720 detrimentum
899 2689 1164 2721 commune
1195 2675 1405 2734 collegii.

390 2739 518 2784 Item
555 2738 679 2784 dicit
714 2738 851 2800 quod
889 2742 1003 2784 sunt
1026 2738 1232 2800 quidam
1258 2738 1322 2784 de
1346 2738 1560 2798 collegio
1584 2739 1666 2800 qui
1693 2739 1969 2785 secundum
1993 2741 2178 2786 statuta
2201 2753 2302 2785 non

263 2806 532 2863 sequuntur
556 2802 779 2858 chorum,
806 2816 920 2847 cum
945 2803 1064 2848 satis
1089 2803 1217 2848 bene
1242 2805 1460 2862 possent.

391 2866 518 2911 Item
542 2866 680 2911 dicit⁷
703 2865 997 2912 multociens
1020 2866 1242 2926 pulsatur
1266 2866 1413 2911 nimis
1436 2866 1580 2912 tarde
1602 2867 1667 2913 ad
1691 2867 1854 2923 horas,
1881 2867 2021 2913 cuius
2044 2867 2116 2913 rei
2153 2881 2302 2913 causa

263 2929 407 2974 nimis
442 2929 623 2975 festine
659 2930 953 2976 decantatur
989 2929 1208 2976 officium
1244 2929 1470 2975 diuinum
1491 2930 1681 2991 absque
1706 2931 1890 2977 debitis
1914 2930 2300 2990 pausacionibus

264 2995 313 3037 et
336 2994 473 3053 quasi
496 2993 686 3053 absque
710 2993 1003 3040 deuocione.

391 3057 518 3102 Item
555 3056 677 3103 dicit
715 3057 851 3118 quod
888 3058 1011 3104 socii
1048 3059 1099 3103 et
1135 3057 1355 3104 choriste
1391 3057 1483 3103 soli
1520 3060 1762 3117 vagantur
1785 3060 1925 3104 extra
1948 3057 2214 3117 collegium
2248 3056 2299 3102 in

263 3118 427 3164 villam
464 3124 513 3165 et
548 3120 738 3182 absque
774 3122 912 3168 socio
950 3124 1125 3168 contra
1156 3124 1351 3174 statuta,
1378 3121 1505 3166 sicut
1527 3123 1576 3166 et
1599 3122 1812 3181 ipsemet
1834 3124 2101 3181 precentor
2123 3121 2301 3167 multo-

265 3183 401 3228 ciens
425 3182 543 3229 fecit
567 3187 616 3229 et
639 3184 772 3230 facit.

366 3294 377 3317 ¹
405 3294 469 3332 Sic
487 3309 500 3332 .·
527 3295 587 3332 for
613 3296 837 3335 Ricardum.

365 3345 381 3368 2
407 3359 455 3382 an
482 3346 698 3384 cancelled.

363 3396 378 3420 ³
406 3397 464 3435 Sic
481 3412 494 3434 :
520 3411 687 3435 annuere
715 3410 759 3435 or
786 3401 989 3437 consentire
1017 3401 1199 3439 omitted.

365 3448 381 3471 ⁴
408 3450 482 3487 Sic.

363 3499 379 3522 ⁵
406 3499 430 3536 lt
455 3498 669 3538 cancelled.

364 3550 379 3574 ⁶
406 3551 439 3587 A
470 3551 574 3588 word
606 3564 733 3590 seems
763 3553 939 3603 wanting
959 3554 1053 3592 here
1073 3555 1204 3605 owing
1224 3563 1265 3592 to
1283 3555 1350 3592 the
1369 3554 1546 3605 decayed
1565 3562 1668 3592 state
1687 3554 1729 3592 of
1745 3553 1813 3592 the
1833 3565 1955 3603 paper
1974 3564 1983 3600 ;
2012 3553 2082 3590 but
2101 3552 2169 3591 the
2187 3564 2302 3591 sense

263 3603 296 3640 is
323 3601 535 3651 complete.

363 3652 379 3678 ⁷
404 3653 503 3702 quod
526 3653 706 3692 omitted.

362 3724 375 3748 ¹
402 3724 517 3768 ‘John
535 3727 543 3740 ’
571 3724 611 3762 in
639 3725 707 3762 the
736 3724 867 3771 Latin,
898 3726 948 3776 by
968 3727 1147 3766 mistake.
1205 3729 1362 3767 Statute
1383 3738 1426 3774 31
1449 3728 1666 3777 prescribes
1684 3727 1770 3765 that
1788 3726 1899 3765 three
1917 3726 2128 3775 warnings,
2146 3724 2230 3763 first
2249 3726 2301 3776 by

263 3777 330 3814 the
347 3785 505 3820 master,
523 3775 618 3814 then
639 3777 691 3826 by
709 3776 777 3813 the
796 3786 941 3814 master
959 3778 1035 3814 and
1056 3788 1134 3815 two
1153 3778 1315 3828 fellows,
1334 3779 1430 3818 then
1458 3780 1509 3829 by
1527 3780 1595 3818 the
1622 3778 1750 3817 whole
1777 3779 1953 3829 chapter,
1973 3790 2038 3816 are
2066 3788 2108 3815 to
2134 3776 2301 3828 precede

261 3827 471 3879 expulsion
491 3827 528 3864 in
550 3828 615 3865 the
634 3839 721 3865 case
739 3827 781 3866 of
798 3829 1003 3867 notorious
1020 3830 1174 3869 crimes.
