2476 4412
279 411 362 467 32
741 387 1227 448 ALNWICK²s
1310 337 1875 442 VISITATloNs

1267 631 1347 689 V.

1182 767 1297 830 [Fo.
1333 765 1438 829 24]

285 900 549 946 VISITACIO
596 907 910 942 MONASTERIJ
959 905 1028 939 DE
1078 890 1476 946 BARDENEY‚
1523 901 1738 936 onles
1783 901 1962 936 SANCTI
2012 889 2323 947 BENEmc'n,

477 961 882 1006 LINCOLNIENSIS
917 968 1164 1010 DIOCESAS,
1202 967 1360 1000 FACTA
1395 966 1450 999 m
1486 965 1638 999 DOMO
1671 964 1980 1000 CAPITULARI
2016 966 2207 1000 1131DEM
2231 967 2325 1002 an

477 1036 567 1070 mE
603 1033 789 1067 MENSIS
825 1020 966 1072 MAIJ,
1002 1031 1143 1065 ANNo
1180 1019 1385 1064 DOMINI
1421 1019 1795 1074 MCCCCXLIIIJW,
1822 1029 1923 1062 PER
1956 1029 2324 1064 REUERENDUM

477 1099 530 1133 IN
578 1086 808 1131 CHRISTO
857 1095 1063 1129 PATREM
1114 1095 1177 1128 ET
1213 1093 1483 1137 DOMINUM‚
1521 1091 1776 1126 DOMINUM
1812 1080 2181 1138 VVILLELMUM,
2219 1082 2324 1128 Dm

473 1161 661 1196 GRAcm
687 1148 1124 1194 LINCOLNIENSEM
1151 1156 1458 1201 EPISCOPUM,
1484 1155 1626 1190 ANNO
1650 1155 1859 1190 SUARUM
1884 1156 2328 1192 consssancmNis

472 1217 624 1258 xvus0
659 1225 723 1257 ET
755 1221 1163 1256 TRANsLAcmNJs
1196 1214 1327 1254 V1110.

412 1335 470 1380 In
493 1334 679 1393 primis,
704 1332 911 1378 sedente
935 1331 1072 1377 dicto
1096 1328 1376 1376 reuerendo
1395 1331 1536 1388 patre
1555 1328 1854 1375 iudicialiter
1877 1329 1928 1375 in
1952 1328 2090 1376 dicto
2115 1331 2328 1390 negocio

286 1400 368 1446 die
403 1401 452 1444 et
487 1397 600 1443 loco
635 1395 914 1451 antedictis,
940 1395 1327 1454 comparuerunt
1363 1407 1533 1438 eoram
1557 1406 1619 1439 eo
1641 1393 1799 1438 abbas
1823 1395 1872 1438 et
1895 1396 2172 1439 conuentus
2205 1393 2327 1441 dieti

284 1463 380 1509 loci
403 1461 745 1507 visitacionem
769 1457 1052 1504 huiusmodi
1070 1460 1121 1503 vt
1139 1457 1370 1516 apparuit
1388 1456 1596 1502 subituri
1613 1470 1625 1511 ;
1652 1459 1701 1502 et
1719 1456 1904 1502 deinde
1921 1456 2080 1503 abbas
2097 1457 2328 1504 liberauit

285 1526 489 1572 domino
533 1521 935 1570 certificatorium
979 1520 1201 1567 mandati
1247 1520 1436 1565 domini
1482 1520 1577 1565 sibi
1621 1534 1714 1579 pro
1759 1519 2045 1566 huiusmodi
2094 1520 2328 1568 facienda

284 1589 573 1635 visitacione
597 1586 773 1632 directi
797 1586 848 1630 in
872 1585 966 1631 hec
988 1585 1169 1631 verba:
1197 1583 1519 1629 ‘Reuerendo
1543 1584 1595 1629 in
1619 1582 1850 1638 Christo’,
1871 1586 1964 1630 etc.
2034 1583 2102 1629 Et
2125 1584 2325 1642 deinde,

285 1651 612 1713 preconizatis
648 1650 823 1704 citatis,
849 1662 1023 1694 omnes
1060 1649 1445 1707 comparuerunt
1481 1649 1649 1706 preter
1684 1646 1995 1693 Willelmum
2025 1647 2325 1708 Waynflete,

285 1716 370 1777 qui
414 1717 489 1760 est
531 1713 687 1760 abbas
732 1712 796 1758 de
844 1711 1233 1766 Humbrestone,
1281 1713 1331 1756 et
1374 1709 1654 1772 Johannem
1703 1710 1967 1768 Hawtone,
2008 1714 2242 1771 agentern
2274 1712 2327 1758 in

286 1778 548 1838 apostasia.
631 1777 697 1821 Et
736 1775 919 1822 deinde
957 1774 1114 1820 abbas
1153 1774 1379 1820 exhibuit
1419 1774 1626 1820 domino
1665 1776 1848 1820 statum
1893 1774 2074 1820 domus
2111 1775 2162 1820 in
2195 1774 2327 1822 festo

288 1842 445 1888 sancti
471 1839 745 1897 Michaelis,
769 1853 901 1885 anno
927 1839 1130 1884 Domini
1154 1838 1530 1898 mccccxxxviij‚
1549 1841 1602 1884 vt
1624 1838 1676 1883 in
1699 1838 2024 1897 pensionibus
2049 1840 2098 1884 et
2120 1838 2326 1885 redditi-

291 1906 384 1951 bus
417 1907 466 1951 et
499 1904 663 1949 firmis.

416 1969 588 2013 Frater
631 1967 883 2028 Johannes
927 1964 1228 2026 Waynflete,
1274 1965 1446 2020 abbas,
1494 1964 1617 2011 dicit
1661 1964 1799 2027 quod
1843 1964 1998 2011 frater
2041 1964 2326 2012 Willelmus

287 2031 455 2077 Yorke
480 2031 756 2090 septimana
778 2029 861 2075 illa
884 2028 1001 2090 qual
1025 2029 1144 2075 olim
1179 2029 1273 2074 fuit
1296 2028 1533 2075 sacerdos
1556 2031 1607 2074 et
1631 2030 1878 2074 seruasset
1899 2028 2012 2075 loca
2045 2029 2327 2075 claustralia

287 2096 439 2141 exiuit
482 2096 714 2140 venatum
758 2107 872 2139 cum
917 2093 1100 2138 abbate
1146 2092 1210 2138 de
1257 2091 1476 2152 Burghe.
1546 2092 1839 2152 Comparuit
1883 2094 1946 2148 et,
1993 2092 2196 2139 obiecto
2230 2093 2326 2139 sibi

285 2158 506 2214 articulo,
532 2157 712 2203 fatetur
753 2171 805 2202 se
842 2156 1015 2212 exisse,
1042 2156 1106 2202 de
1129 2156 1341 2202 licencia
1363 2159 1532 2202 tamen
1556 2156 1750 2215 prioris,
1777 2155 1866 2202 sed
1892 2155 2015 2202 dicit
2049 2156 2188 2217 quod
2222 2170 2326 2203 non

285 2221 377 2267 fuit
412 2235 617 2281 presens
653 2221 702 2266 in
738 2220 1046 2276 venacione;
1083 2222 1132 2265 et
1168 2221 1445 2266 iniunctum
1481 2222 1556 2265 est
1592 2219 1686 2265 sibi
1724 2219 1862 2281 quod
1897 2219 2028 2265 infra
2050 2222 2152 2266 tres
2175 2220 2324 2280 septi-

287 2284 474 2331 manas²
496 2284 629 2330 dicat
651 2286 751 2330 tres
775 2286 1044 2329 nocturnos
1069 2283 1133 2329 de
1157 2283 1392 2343 psalterio
1417 2283 1650 2329 dauitico.

414 2348 586 2393 Frater
619 2347 901 2393 Willelmus
939 2347 1155 2405 Burghe,
1182 2348 1331 2406 prior,
1358 2346 1481 2393 dicit
1512 2346 1647 2408 quod
1684 2347 1898 2406 ipsemet
1921 2348 1996 2392 est
2018 2346 2148 2393 adeo
2172 2361 2326 2394 senex

289 2414 338 2457 et
360 2411 515 2456 abbas
538 2410 665 2457 adeo
688 2411 939 2469 impotens
974 2413 1179 2470 propter
1215 2409 1528 2456 infirmitates
1564 2410 1699 2470 quod
1723 2410 2050 2456 obseruancie
2073 2411 2326 2470 regulares

286 2478 491 2534 propter
514 2475 867 2534 impotenciam
892 2488 1063 2520 eorum
1088 2488 1188 2520 non
1212 2475 1554 2530 obseruantur,
1580 2488 1697 2534 ymo
1721 2474 2004 2519 reiciuntur.

414 2538 585 2583 Frater
638 2537 889 2599 Johannes
935 2538 1095 2598 Bracy
1142 2538 1265 2584 dicit
1309 2538 1446 2599 quod
1489 2537 1669 2583 fratres
1724 2537 2008 2583 Willelmus
2051 2537 2221 2584 Yorke
2277 2539 2327 2584 et

285 2601 534 2662 Johannes
578 2601 709 2647 Hole
749 2601 1044 2647 multociens
1087 2602 1264 2646 bibunt
1304 2605 1354 2648 et
1393 2601 1667 2647 comedunt
1703 2601 1753 2646 in
1789 2600 1906 2646 villa
1942 2600 2007 2646 de
2044 2600 2334 2662 Bai-deney,

288 2664 541 2724 Osgodby‚
567 2668 617 2710 et
652 2665 913 2724 presertim
949 2665 999 2710 in
1036 2663 1179 2710 firma
1216 2665 1561 2711 elemosinarie
1584 2665 1720 2710 iuxta
1745 2665 2116 2720 monasterium,
2142 2667 2192 2711 et
2225 2664 2326 2711 hoc

286 2731 460 2773 contra
482 2728 847 2774 iniunccionem
872 2728 1061 2773 domini
1096 2732 1145 2774 et
1179 2730 1319 2790 quasi
1343 2743 1405 2774 ex
1429 2728 1806 2775 consuetudine.
1890 2728 2070 2774 Veniet
2093 2729 2144 2774 in
2166 2729 2325 2774 iniun-

286 2791 554 2846 ecionibuS,
582 2793 696 2852 quia
718 2791 935 2837 fatentur
960 2791 1224 2838 defectum.

412 2855 537 2899 Item
573 2854 724 2900 frater
763 2855 1014 2915 Johannes
1058 2855 1190 2902 Hole
1231 2855 1504 2901 commedit
1542 2856 1594 2900 in
1633 2854 1852 2917 quadam
1890 2855 1941 2916 ly
1987 2854 2144 2901 bothe
2189 2855 2326 2901 iuxta

285 2932 462 2978 aquam
498 2932 611 2963 cum
647 2919 860 2979 quadam
898 2919 1104 2965 muliere
1141 2920 1406 2978 coniugata
1441 2921 1616 2964 contra
1651 2919 2022 2965 iniunccionem
2046 2918 2251 2975 domini,
2276 2921 2327 2965 et

283 2979 380 3026 hoc
403 2981 604 3041 quando
626 2981 763 3026 vadit
786 2981 851 3026 ad
875 2981 1092 3027 labinam
1116 2997 1208 3041 pro
1232 2983 1282 3042 ly
1305 2982 1482 3028 thakis.
1543 2982 1709 3041 Negat
1733 2983 1997 3028 articulum
2021 2985 2070 3028 et
2093 2983 2326 3041 purgauit

284 3058 336 3089 se
360 3044 463 3088 sola
487 3059 635 3089 manu
660 3062 669 3091 z
706 3045 938 3090 dimissus
964 3048 1037 3091 est
1061 3061 1161 3107 quo
1185 3047 1251 3091 ad
1277 3046 1389 3092 hoc.

387 3153 399 3177 ²
427 3156 499 3191 illa
526 3156 739 3194 cancelled.

384 3204 401 3228 ²
425 3205 514 3244 dicit
539 3206 754 3246 cancelled.

385 3294 399 3318 ¹
428 3295 503 3332 See
524 3296 590 3333 the
611 3296 814 3334 visitation
835 3297 876 3335 of
896 3297 1193 3337 Humberstone
1214 3300 1325 3338 later.

385 3344 403 3368 2
430 3345 496 3383 [e.
517 3355 557 3383 at
586 3346 652 3383 the
681 3347 775 3384 time
805 3349 955 3396 spoken
987 3350 1036 3394 of,
1058 3349 1188 3388 Yorke
1217 3364 1296 3388 was
1324 3351 1624 3402 hebdomadary
1654 3365 1697 3389 or
1726 3352 1848 3402 priest
1868 3352 1927 3389 for
1945 3352 2012 3390 the
2033 3351 2157 3398 week,
2178 3351 2257 3389 and
2284 3365 2328 3389 as

285 3396 379 3433 such
407 3410 485 3434 was
515 3397 649 3434 bound
680 3406 721 3434 to
741 3410 826 3447 stay
846 3400 882 3435 in
904 3399 1077 3437 cloister.
1135 3402 1327 3447 martene,
1349 3405 1411 3440 De
1438 3405 1607 3452 antiquis
1635 3404 1897 3441 monachorum
1927 3404 2078 3449 ritibus,
2100 3413 2127 3449 1,
2148 3403 2186 3447 ii,
2209 3402 2231 3450 ξ
2262 3412 2325 3450 34,

286 3460 374 3496 says
394 3447 491 3490 that,
512 3448 611 3485 after
629 3449 694 3485 the
713 3450 821 3498 early
839 3451 935 3499 days
955 3451 1066 3487 when
1086 3452 1152 3489 the
1170 3454 1291 3490 abbot
1311 3468 1386 3492 was
1417 3454 1608 3499 officiant,
1631 3457 1638 3474 ‘
1656 3454 1723 3491 uni
1743 3467 1790 3491 ex
1810 3455 2037 3491 monasterii
2056 3453 2329 3492 sacerdotibus

285 3498 325 3534 id
346 3499 518 3535 muneris
537 3499 815 3536 demandatum
836 3511 907 3543 est,
928 3502 994 3549 qui
1016 3503 1161 3539 scilicet
1184 3517 1252 3552 per
1270 3512 1394 3542 totam
1415 3505 1707 3542 hebdomadam
1728 3505 1900 3542 officium
1930 3505 2150 3551 inchoaret,
2172 3506 2328 3542 missam

286 3549 472 3606 majorem
502 3558 692 3606 cantaret,
714 3551 1009 3588 benedictiones
1040 3554 1088 3589 ad
1119 3567 1294 3593 mensam
1326 3557 1452 3597 daret.
1475 3556 1553 3592 alia
1582 3556 1621 3593 id
1642 3569 1769 3603 genus
1788 3556 1985 3605 permulta
2004 3556 2202 3604 impleret,
2220 3555 2327 3605 quod

285 3600 335 3636 ab
354 3613 468 3636 annis
490 3601 695 3637 minimum
718 3603 928 3649 nongentis
947 3603 953 3614 '
975 3605 1054 3651 (zze.
1077 3604 1176 3641 from
1198 3606 1265 3642 the
1285 3607 1397 3644 tenth
1428 3607 1608 3657 century)
1631 3612 1641 3628 ⁴
1657 3620 1752 3644 usus
1771 3607 1958 3645 obtinuit.
2039 3607 2118 3645 Hic
2160 3635 2170 3645 .
2213 3635 2222 3644 .

285 3649 458 3687 claustro
477 3651 610 3699 egredi
631 3651 875 3699 prohibetur,
897 3661 936 3689 et
964 3682 972 3691 .
1005 3682 1012 3690 .
1043 3683 1052 3691 .
1082 3656 1230 3703 primus
1250 3668 1337 3704 post
1356 3659 1595 3707 superiorem
1616 3658 1655 3695 in
1675 3659 1796 3695 choro
1814 3658 1925 3696 stat.'

385 3700 401 3724 ³
427 3701 622 3750 Osgodby
641 3715 717 3739 was
737 3715 757 3738 a
777 3703 925 3740 hamlet
943 3705 1046 3741 close
1066 3715 1106 3742 to
1124 3706 1191 3743 the
1210 3707 1355 3757 village
1374 3709 1417 3746 of
1441 3708 1639 3757 Bardney.

387 3751 402 3776 ⁴
433 3751 467 3789 lt
495 3751 575 3789 will
606 3753 652 3789 be
682 3754 876 3790 observed
906 3754 991 3791 that
1010 3756 1077 3793 the
1097 3757 1337 3805 injunctions
1358 3772 1422 3796 are
1442 3760 1534 3797 here
1553 3761 1687 3803 taken,
1707 3773 1750 3797 as
1769 3773 1790 3796 a
1811 3770 1955 3798 matter
1974 3761 2016 3798 of
2030 3772 2184 3805 course,
2203 3769 2245 3798 to
2273 3760 2321 3798 be

282 3800 349 3839 the
369 3815 637 3854 consequence
657 3803 698 3841 of
714 3804 843 3843 actual
862 3805 1034 3845 defaults
1052 3807 1173 3846 noted
1192 3808 1232 3845 in
1253 3809 1320 3848 the
1338 3817 1524 3863 comperta
1543 3811 1585 3849 of
1613 3812 1680 3851 the
1700 3811 1921 3850 visitation.
1995 3811 2101 3850 Such
2132 3823 2321 3865 passages
