2488 4296
224 402 342 470 198
679 388 1169 458 ALNWICK’S
1254 387 1819 461 VislTArloNs

352 557 597 602 Dominus
620 556 905 602 Willelmus
931 557 1116 617 Derby,
1142 558 1365 614 vicarius,
1392 560 1537 604 etatis
1559 560 1710 619 xxviij
1736 574 1994 617 annorum,
2019 565 2130 619 etc.‚
2150 562 2273 609 dicit

221 620 357 680 quod
381 619 664 664 Willelmus
706 621 960 680 Benteley,
986 623 1106 666 tunc
1142 622 1363 667 seruiens
1400 622 1521 668 dicti
1546 623 1767 681 magistri
1805 623 2079 684 Johannis‚¹
2107 626 2274 672 retulit

221 684 302 729 isti
340 685 500 728 iurato
537 685 675 742 quasi
713 684 935 729 dolendo
973 685 1108 742 quod
1132 686 1367 744 magister
1403 685 1657 746 Johannes
1680 687 1909 732 vtebatur
1933 689 2075 734 malis
2099 689 2269 735 condi-

221 748 450 793 cionibus
473 762 594 806 quas
617 746 831 793 libenter
856 747 1005 793 vellet
1029 748 1299 793 emendari.
1372 750 1712 808 Interrogatus
1747 749 1830 796 ille
1866 751 2148 797 Willelmus
2181 767 2271 812 per

222 812 369 856 istum
393 811 621 866 iuratum,
647 813 698 855 vt
737 811 859 856 dicit
895 811 988 856 iste
1025 812 1225 867 iuratus,
1250 827 1345 871 que
1369 815 1419 858 et
1442 813 1612 871 quales
1636 813 1803 859 forent
1825 814 2151 861 condiciones
2174 815 2270 873 ille,

357 963 473 1023 [Fo.
504 977 591 1023 103
617 962 819 1023 sched]
894 964 1140 1008 Dominus
1163 963 1449 1008 Willelmus
1475 964 1676 1010 Bedale.

351 1026 670 1087 (Iniunccio.)
739 1027 983 1072 Dominus
1023 1027 1249 1085 Rogerus
1285 1027 1533 1087 Clyftone,
1558 1028 1771 1073 vicarius
1807 1030 1855 1074 in
1880 1028 2039 1074 choro
2062 1029 2273 1076 ecclesie

223 1091 486 1149 collegiate
525 1091 824 1150 Leycestrie,
851 1090 974 1135 dicit
998 1090 1135 1151 quod
1171 1091 1427 1136 soluciones
1457 1091 1683 1136 obituum
1707 1107 1984 1137 annuorum
2009 1108 2070 1138 ex
2093 1093 2274 1154 quibus

224 1155 450 1213 recipere
487 1154 732 1199 deberent
768 1156 932 1199 certas
967 1155 1293 1212 pecuniarum
1317 1169 1536 1199 summas
1559 1155 1623 1199 ab
1648 1155 1839 1201 eisdem
1863 1156 2061 1201 vicariis
2083 1157 2271 1202 abstra—

224 1218 408 1262 huntur
433 1232 521 1276 per
545 1218 857 1276 prepositum
928 1252 936 1261 .
1007 1254 1016 1262 .
1087 1254 1096 1262 .
1169 1252 1177 1261 .
1248 1217 1278 1261 ‚²

351 1281 666 1339 (Iniunccio.)
737 1281 863 1326 Item
901 1280 1037 1339 dicitb
1060 1280 1197 1342 quod
1234 1295 1347 1326 cum
1385 1296 1447 1327 ex
1471 1281 1834 1328 consuetudine
1857 1285 1907 1328 et
1930 1283 2127 1328 statutis
2151 1283 2272 1328 dicti

222 1344 419 1403 collegii
445 1345 616 1389 iuratis
640 1347 852 1405 quatuor
875 1343 940 1389 ad
978 1344 1141 1389 minus
1165 1344 1229 1390 de
1253 1346 1509 1390 canonicis
1532 1345 1722 1390 ibidem
1746 1345 1992 1391 deberent
2016 1346 2272 1392 matutinis

223 1407 287 1453 de
312 1410 461 1453 nocte
484 1407 751 1453 celebratis
775 1409 1030 1463 interesse,
1055 1408 1137 1452 vix
1161 1407 1262 1453 duo
1286 1409 1532 1454 intersunt
1555 1411 1640 1454 aut
1664 1410 1904 1455 interesse
1927 1409 2173 1455 videntur.

352 1472 597 1517 Dominus
641 1471 883 1516 Ricardus
927 1471 1208 1527 Kemshale,
1251 1472 1475 1525 vicarius,
1518 1475 1627 1528 etc.‚
1669 1473 1837 1533 quoad
1882 1473 2108 1518 obituum
2143 1473 2270 1519 solu-

220 1537 418 1580 cionem
442 1539 483 1580 εἰ
507 1535 845 1579 canonicorum
870 1536 1210 1580 surreccionem
1233 1536 1302 1579 ad
1326 1536 1588 1580 matutinas
1611 1536 1887 1582 concordat
1910 1551 2023 1582 cum
2042 1537 2272 1596 proximo

222 1600 448 1657 superius
473 1599 771 1644 examinato.

351 1663 596 1707 Dominus
636 1661 880 1708 Ricardus
914 1662 1093 1718 Greve,
1119 1662 1345 1718 vicarius,
1371 1664 1482 1716 etc.‚
1507 1663 1621 1707 dicit
1645 1663 1782 1724 quod
1805 1663 2012 1724 quidam
2037 1663 2270 1709 dominus

221 1725 474 1786 Johannes
514 1725 874 1784 Bramburghe,
913 1726 1185 1771 canonicus
1224 1725 1346 1772 dicti
1385 1726 1599 1785 collegii,
1636 1729 1865 1785 tempore
1903 1727 2187 1772 diuinorum
2221 1727 2271 1772 in

222 1789 380 1835 choro
417 1789 539 1834 inibi
575 1789 940 1835 celebratorum
977 1790 1225 1834 immiscet
1248 1804 1301 1836 se
1325 1790 1559 1849 precibus
1595 1791 1696 1835 suis
1719 1793 1769 1835 et
1792 1791 2111 1836 oracionibus
2143 1790 2274 1836 adeo

221 1853 321 1897 alta
360 1867 483 1898 voce
520 1853 656 1913 quod
694 1853 802 1898 aliis
839 1853 980 1899 chori
1020 1853 1257 1898 ministris
1296 1853 1487 1899 ibidem
1526 1854 1844 1899 cantantibus
1882 1869 1983 1900 non
2017 1853 2273 1900 modicum

222 1916 372 1962 infert
397 1919 767 1972 nocumentum,
793 1931 880 1962 eos
904 1920 955 1962 vt
979 1917 1282 1975 premittitur
1305 1917 1559 1963 turbando
1583 1919 1632 1962 et
1650 1917 1870 1975 grauiter
1893 1917 2236 1977 impediendo.

351 1980 493 2026 Idem
531 1980 654 2025 dicit
677 1980 813 2041 quod
850 1981 1086 2040 magister
1121 1980 1376 2040 Johannes
1414 1981 1538 2041 Dey,
1564 1981 1848 2036 canonicus,
1875 1984 1986 2037 etc.‚
2011 1983 2088 2026 est
2110 1981 2270 2026 taber-

221 2059 395 2089 narum
419 2044 733 2103 publicarum
756 2044 806 2089 in
831 2044 946 2089 villa
984 2044 1272 2103 Leycestrie
1308 2044 1653 2105 frequentator
1677 2045 1726 2089 in
1751 2058 1903 2103 graue
1927 2044 2049 2090 dicti
2073 2044 2272 2103 collegii

222 2107 512 2153 scandalum
540 2110 589 2153 et
613 2122 815 2153 suorum
839 2107 1163 2153 confratrum.

351 2172 664 2229 (IniuncciO.)
735 2172 861 2216 Item
899 2171 1022 2217 dicit
1053 2171 1190 2232 quod
1214 2171 1418 2233 quidam
1443 2171 1614 2216 Simon
1640 2171 1858 2231 Symeon
1882 2173 1980 2217 iam
2004 2171 2272 2217 defunctus

222 2235 349 2279 dedit
373 2237 414 2279 et
438 2236 687 2280 concessit
712 2234 833 2280 dicti
857 2235 1056 2294 collegii
1080 2235 1337 2280 canonicis
1360 2237 1410 2280 et
1432 2235 1642 2291 vicariis,
1667 2235 1903 2281 videlicet
1926 2235 2181 2281 canonicis
2204 2235 2269 2294 vij

223 2298 270 2342 li.
299 2301 349 2343 et
373 2299 570 2344 vicariis
594 2299 678 2358 xiij
706 2298 754 2344 li.
781 2299 1037 2344 annuatim
1061 2297 1337 2344 soluendisl
1361 2298 1426 2343 ad
1450 2297 1577 2344 festa
1601 2298 2025 2345 Annunciacionis
2049 2301 2099 2344 et
2121 2298 2273 2343 sancti

226 2362 488 2407 Michaelis
511 2361 831 2421 Archangeli.
902 2361 1055 2408 Dicti³
1090 2365 1257 2408 tamen
1294 2362 1379 2422 xiij
1419 2361 1468 2406 li.
1495 2377 1595 2407 non
1620 2362 1878 2408 soluuntur
1903 2362 2052 2408 dictis
2075 2361 2273 2407 vicariis

221 2428 273 2469 vt
297 2440 388 2484 pro
413 2426 637 2471 terminis
662 2426 1085 2471 Annunciacionis
1109 2429 1158 2472 et
1196 2425 1459 2471 Michaelis
1483 2425 1656 2472 vltimo
1679 2427 1931 2486 preteritis
1954 2427 2271 2486 preterquam

223 2489 429 2547 singulis
453 2490 649 2535 vicariis
673 2490 781 2549 iiijs.

351 2554 596 2599 Dominus
624 2553 873 2599 Robertus
899 2554 1137 2608 Matfene,
1164 2553 1435 2599 canonicus
1459 2553 1671 2599 ecclesie
1694 2553 1973 2612 collegiate‚
1994 2550 2272 2613 dicitquod

224 2616 377 2661 nichil
402 2618 495 2662 scit
519 2618 567 2662 in
593 2617 730 2678 quod
755 2621 1035 2663 correctum
1060 2617 1226 2663 existit
1251 2632 1339 2676 per
1364 2616 1626 2673 decanum,
1651 2620 1744 2663 etc.

356 2679 630 2741 [Dominus
653 2681 906 2741 Johannes
930 2679 1359 2741 Shyuyngham.]⁴

353 2744 598 2789 Dominus
621 2744 874 2805 Johannes
899 2744 1260 2804 Brambuighe,
1286 2746 1570 2799 canonicus,
1595 2746 1706 2800 etc.‚
1731 2743 1855 2790 dicit
1877 2743 2014 2806 quod
2038 2743 2272 2802 magister

222 2807 476 2867 Johannes
501 2809 612 2867 Dey
637 2810 712 2853 est
734 2809 1016 2854 communis
1039 2809 1359 2854 tabernarum
1384 2808 1742 2869 frequentator,
1767 2810 1878 2864 etc.‚
1904 2810 1957 2853 vt
1979 2821 2142 2866 supra.

354 2870 494 2916 Idem
533 2872 769 2930 magister
805 2871 1074 2932 Johannes⁵
1098 2871 1304 2917 domum
1329 2871 1602 2917 mansionis
1626 2885 1713 2916 sue
1735 2870 1866 2916 infra
1887 2871 2109 2917 clausum
2147 2870 2269 2930 Ley-

223 2935 402 2979 cestrie
439 2937 489 2980 et
526 2950 753 2980 mansum
791 2936 1003 2981 rectorie
1040 2950 1127 2980 sue
1164 2935 1229 2980 de
1265 2933 1632 2995 Wyggestone⁶
1655 2934 1862 2979 dimittit
1897 2932 2187 2993 irreparate⁸
2218 2934 2270 2978 et

222 2997 327 3043 fere
350 2997 415 3042 ad
440 3001 623 3044 terram
646 2999 829 3044 collabi
854 3000 1039 3057 patitur
1062 3013 1151 3058 per
1175 2999 1438 3043 incurium⁷
1461 3001 1510 3044 et
1533 2997 1930 3057 necgligenciam
1954 3012 2109 3043 suam.

353 3061 495 3107 Idem
532 3061 669 3122 quod
706 3061 939 3107 dominus
965 3062 1214 3108 Robertus
1254 3061 1491 3118 Matfene,
1517 3061 1752 3120 magister
1775 3060 2037 3120 hospitalis
2059 3061 2109 3105 in
2146 3059 2270 3119 Ley—

223 3125 417 3180 cestria,
463 3125 621 3183 geret⁸
665 3125 890 3171 habitum
937 3126 1146 3184 nigrum,
1193 3125 1429 3171 videlicet
1473 3124 1762 3170 mantellum
1808 3139 1921 3171 cum
1965 3137 2065 3170 vno
2111 3123 2268 3182 signo,

221 3187 458 3234 videlicet
480 3191 696 3244 crecent,
723 3190 772 3233 in
797 3189 1022 3235 dextero.

323 3300 337 3324 ¹
365 3306 401 3337 et
421 3300 611 3337 Henricus
635 3304 783 3338 Craven
802 3301 960 3339 chorisla
980 3303 1194 3338 retulerunt
1211 3301 1427 3338 cancelled.

323 3349 342 3428 ἰ
367 3353 453 3441 'gice
481 3353 700 3391 remainder
728 3353 772 3390 of
794 3354 861 3391 the
888 3359 1073 3391 sentence
1101 3354 1133 3390 is
1160 3353 1347 3403 illegible.

325 3454 341 3478 ⁴
367 3432 580 3515 Cancelled
598 3470 606 3493 :
637 3456 920 3505 Shyuyngham
940 3456 1082 3494 should
1100 3455 1148 3493 be
1168 3455 1464 3504 Slzyryngkam.

325 3506 341 3580 ἰ
363 3508 774 3596 ςῑτῑῖῑῑῑέεὲὲιῖέἁ.

325 3608 341 3634 7
368 3610 459 3646 Sic:
487 3610 546 3647 sor
574 3611 786 3647 incuriam.

324 3658 341 3683 ⁸
366 3662 456 3699 Sic:
485 3661 543 3699 sor
564 3662 683 3710 gerit.

324 3746 341 3808 ἓ
369 3752 457 3789 Sic:
489 3751 548 3788 for
585 3750 754 3789 Thomas.

365 3808 403 3840 et
427 3801 640 3840 cancelled.

2458 943 2462 948 “
2452 503 2488 933 ’ἑν-’ΜΜῩιῐὲᾒᾶΨ-Ειϊέὲ
