2488 4296
280 375 396 430 114
734 351 1222 409 ALNWICK'S
1305 350 1868 409 VISITATIONS

409 513 535 558 Item
559 510 682 555 dicit
705 507 842 570 quod
866 508 1114 554 seculares
1137 507 1326 554 habent
1348 508 1661 569 frequentem
1694 523 1950 555 accessum
1984 509 2049 555 ad
2084 511 2325 558 moniales

279 580 506 636 ternpore
530 573 686 619 diuini
711 571 861 618 officii
886 573 936 616 in
961 570 1101 617 choro
1125 574 1175 616 et
1197 571 1262 616 ad
1287 571 1606 618 refectorium
1630 572 1925 619 refeccionis
1953 574 2195 632 tempore.

409 639 535 685 Item
559 636 681 682 dicit
703 634 841 696 quod
864 649 965 680 non
988 637 1154 694 potest
1188 635 1424 680 cohibere
1459 635 1675 681 scolares
1713 636 2024 682 Oxonienses
2061 637 2180 697 quin
2217 637 2325 697 ipsa

279 703 436 749 inuita
458 698 665 746 habentl
689 712 1006 744 communem
1029 712 1287 744 accessum
1309 698 1374 743 ad
1399 700 1753 744 monasterium
1778 702 1827 745 et
1850 699 1962 744 loca
1984 700 2277 747 claustralia.

407 763 652 811 Moniales
676 762 864 807 habent
888 761 1136 822 colloquia
1159 776 1272 807 cum
1297 762 1600 808 secularibus
1623 762 2010 808 aduentantibus
2033 763 2097 808 ad
2129 778 2323 810 monas-

278 830 470 878 terium.
497 826 629 872 nulla
652 826 862 872 licencia
884 825 1042 884 petita
1063 825 1128 870 ab
1151 825 1420 870 abbatissa.

408 891 626 938 Domina
680 888 840 934 Alicia
897 888 1118 948 Lumley,
1165 889 1415 947 priorissa,
1473 889 1595 934 dicit
1650 889 1786 950 quod
1842 889 2083 935 moniales
2138 889 2327 937 habent

277 957 595 1018 frequentem
618 966 875 999 accessum
897 951 963 997 ad
988 952 1208 997 Oxonias
1231 950 1523 1013 visitand[i]
1551 953 1740 998 amicos
1765 967 1880 998 suos
1904 953 2162 1012 pretextu2.

410 1019 528 1064 Post
573 1017 667 1062 hec
713 1015 947 1061 dominus
990 1015 1300 1061 continuauit
1343 1016 1685 1077 visitacionem
1731 1031 1870 1061 suam
1908 1031 2063 1077 vsque
2101 1017 2152 1062 in
2191 1017 2326 1064 diem

282 1083 420 1129 Lune
443 1085 563 1127 tunc
587 1080 880 1140 proximam,
906 1079 1222 1138 presentibus
1255 1079 1508 1125 abbatissa
1543 1082 1594 1125 et
1630 1080 1860 1125 omnibus
1895 1081 2324 1138 commonialibus,

216 1159 218 1161 ’
281 1148 498 1207 Depyng
534 1179 542 1189 .
581 1180 588 1188 .
631 1177 640 1189 .
681 1178 689 1187 .
726 1146 777 1189 et
812 1143 985 1202 Derby
1009 1145 1058 1188 et
1081 1156 1161 1187 me
1186 1141 1436 1188 Colstone.

410 1209 627 1255 Domina
670 1206 862 1267 Juliana
911 1206 1158 1251 Westone
1212 1206 1338 1264 petit
1391 1209 1444 1251 vt
1496 1206 1807 1268 aqueductus
1862 1221 1976 1252 cum
2030 1206 2326 1255 festinancia

277 1276 548 1334 reparetur,
584 1270 700 1333 quia
733 1270 799 1315 ob
834 1268 1090 1315 defectum
1126 1270 1462 1328 reparacionis
1498 1270 1761 1330 paciuntur
1798 1283 2028 1329 magnam
2066 1273 2325 1330 penuriam

278 1351 406 1399 aque
430 1336 558 1382 infra
581 1335 864 1381 claustrum.

410 1401 537 1446 Item
561 1399 687 1458 petit
710 1397 847 1458 quod
870 1397 1013 1456 panis
1037 1398 1086 1442 et
1109 1397 1320 1442 ceruisia
1343 1397 1679 1454 meliorentur,
1705 1397 1821 1459 quia
1843 1398 2152 1459 aliquociens
2178 1399 2325 1446 valde

279 1464 472 1511 debiles
496 1465 640 1519 sunt;
667 1463 716 1507 et
741 1460 864 1506 dicit
886 1460 1023 1522 quod
1047 1460 1215 1519 plures
1250 1497 1259 1506 .
1302 1495 1310 1504 .
1349 1497 1357 1506 .
1397 1498 1405 1507 .
1442 1460 1518 1506 fer
1550 1496 1559 1506 .
1600 1497 1609 1507 .
1649 1498 1658 1506 .
1696 1498 1704 1507 .

408 1527 624 1573 Domina
650 1524 864 1571 Isabella
887 1524 1148 1584 Clyntone,
1174 1525 1379 1570 sacrista
1402 1527 1452 1569 et
1485 1525 1720 1581 bursaria,
1747 1525 1869 1570 dicit
1902 1525 2039 1586 quod
2074 1526 2326 1572 abbatissa

280 1606 380 1638 non
404 1593 535 1637 iacet
557 1591 608 1635 in
632 1589 941 1635 dormitorio.

410 1654 626 1701 Domina
670 1652 829 1698 Alicia
881 1651 1079 1712 Henley
1135 1650 1257 1697 dicit
1311 1651 1448 1712 quod
1504 1651 1735 1697 dominus
1783 1652 1934 1711 Hugo
1979 1653 2218 1713 Sadylere
2262 1653 2326 1700 de

280 1719 503 1774 oxoniis,
537 1716 835 1776 capellanus,
871 1715 1046 1760 habuit
1081 1714 1394 1775 frequentem
1429 1729 1687 1761 accessum
1722 1715 1788 1761 ad
1825 1715 2080 1762 dominam
2116 1717 2324 1763 Aliciam

282 1779 625 1844 L[0ngspee],
661 1794 810 1841 quam
845 1779 970 1824 dixit
1007 1782 1269 1837 cognatam
1309 1794 1447 1824 suam
1484 1782 1533 1824 et
1569 1779 1661 1824 sub
1701 1779 1799 1825 hoc
1836 1780 2004 1827 colore
2041 1780 2326 1827 huiusmodi

279 1847 433 1892 habet
455 1845 770 1906 frequentem
794 1843 1307 1888 communicacionem
1332 1857 1444 1888 cum
1469 1857 1640 1889 sorore
1666 1843 1941 1903 Longspee.

409 1910 535 1955 Item
581 1907 704 1953 dicit
748 1907 885 1968 quod
929 1909 1140 1968 quatuor
1195 1908 1309 1951 sunt
1357 1905 1543 1952 familie
1589 1907 1877 1952 monialium
1926 1908 1978 1953 in
2022 1908 2326 1954 monasterio

280 1974 454 2020 diuise.

409 2035 626 2082 Domina
648 2034 807 2080 Alicia
833 2033 1098 2092 Longspee
1123 2032 1244 2079 dicit
1268 2033 1435 2078 omnia
1458 2034 1601 2079 bene.

409 2099 625 2146 Domina
671 2098 955 2156 Margareta
1001 2096 1145 2142 More
1190 2097 1312 2143 dicit
1349 2097 1487 2158 quod
1531 2097 1735 2143 domina
1779 2096 1922 2143 Amia
1970 2098 2211 2144 Hardelle
2250 2101 2326 2144 est

276 2164 480 2224 janitrix
504 2161 718 2209 claustri.

411 2226 627 2272 Domina
652 2224 949 2270 Elizabetha
975 2223 1199 2270 Hultone
1224 2223 1346 2270 dicit
1370 2224 1506 2286 quod
1530 2225 1698 2270 omnia
1721 2224 1863 2270 bene.

408 2291 626 2336 Domina
652 2288 947 2334 Elizabetha
973 2287 1194 2348 Forthey
1218 2288 1340 2334 dicit
1364 2288 1501 2349 quod
1524 2289 1692 2334 omnia
1715 2289 1857 2334 bene.

411 2353 482 2415 [F
484 2368 528 2400 o.
567 2351 710 2413 28d.]
805 2351 1022 2397 Domina
1057 2350 1202 2396 Amia
1241 2351 1482 2397 Hardelle
1518 2351 1641 2397 dicit
1676 2351 1813 2412 quod
1849 2351 2053 2397 domina
2091 2351 2328 2398 Katerina

279 2418 470 2478 Okeley
514 2417 667 2462 habet
713 2415 916 2460 nimiam
959 2414 1427 2460 confabulacionem
1471 2429 1585 2460 curn
1631 2415 1879 2460 extraneis
1911 2415 2225 2460 venientibus
2261 2415 2326 2461 ad

279 2481 635 2528 monasterium
659 2481 709 2525 in
734 2478 958 2534 ecclesia,
984 2479 1034 2523 in
1059 2479 1291 2538 capitulo,
1316 2478 1366 2523 in
1391 2481 1536 2537 porta
1560 2478 1785 2534 ecclesie,
1810 2480 1956 2537 porta
1988 2478 2099 2524 aule
2134 2481 2183 2524 et
2217 2478 2327 2524 aliis

280 2546 491 2592 diuersis
513 2544 651 2601 locis,
677 2557 771 2589 nec
794 2545 869 2589 est
893 2542 1136 2588 obediens
1159 2542 1373 2587 iussibus
1409 2544 1459 2588 et
1492 2541 1740 2587 mandatis
1763 2542 2015 2587 abbatisse
2052 2542 2325 2588 secundum

279 2610 514 2668 regulam.

408 2673 534 2719 Item
575 2671 698 2717 dicit
737 2669 874 2732 quod
914 2669 1119 2715 domina
1157 2668 1316 2715 Alicia
1358 2669 1627 2729 Longspey
1665 2668 2080 2715 confabulabatur
2118 2669 2326 2714 multum

278 2739 510 2797 suspecte
527 2737 578 2781 in
596 2734 810 2782 ecclesia
828 2733 1146 2779 conuentuali
1165 2748 1278 2779 cum
1297 2733 1501 2779 domino
1525 2733 1571 2778 H
1579 2746 1742 2792 ugone
1761 2732 2011 2793 Sadylere,
2032 2733 2325 2792 presbitero,

279 2803 454 2846 contra
492 2798 894 2859 prohibicionem
933 2797 1199 2852 abbatisse,
1240 2811 1331 2856 pro
1375 2811 1475 2858 quo
1520 2797 1741 2841 iniuncta
1779 2796 1872 2842 fuit
1910 2797 2004 2842 sibi
2044 2797 2328 2856 penitencia

279 2863 493 2910 carceris
516 2866 567 2908 et
590 2861 965 2921 disciplinarum
989 2861 1287 2920 regularium
1312 2875 1372 2907 ac
1395 2860 1623 2906 custodia
1646 2859 1897 2906 refectorii
1921 2863 1971 2906 et
2005 2861 2204 2907 claustri
2238 2875 2328 2920 per

279 2941 431 2973 vnum
458 2941 655 2972 annum.

409 2991 535 3036 Item
560 2990 682 3035 dicit
704 2988 842 3050 quod
865 2987 1117 3050 Johannes
1141 2988 1320 3049 Norys,
1345 2987 1659 3043 senescallus,
1685 2986 1837 3038 habet
1856 2987 1920 3033 de
1944 2987 2096 3034 domo
2120 2987 2325 3034 feodum

279 3069 498 3101 annuum
520 3069 553 3099 x
576 3067 853 3099 marcarum
876 3054 927 3098 et
949 3053 1000 3097 in
1024 3051 1211 3098 nichilo
1230 3050 1417 3111 profuit
1434 3051 1753 3097 monasterio.

410 3118 627 3163 Domina
651 3116 812 3162 Maria
836 3115 1065 3176 Brewley
1089 3115 1212 3161 dicit
1235 3115 1402 3161 omnia
1425 3114 1568 3160 bene.

410 3181 627 3226 Domina
669 3180 829 3225 Maria
867 3179 1102 3225 Browdie
1143 3179 1266 3225 dicit
1301 3179 1468 3224 omnia
1505 3178 1665 3227 bene:
1699 3181 1868 3224 tamen
1908 3178 2030 3224 dicit
2069 3178 2206 3240 quod
2241 3178 2324 3224 vbi

205 3301 207 3304 .
281 3245 525 3291 haberent
546 3244 782 3289 continue
805 3244 856 3288 in
879 3244 1182 3289 monasterio
1213 3249 1424 3304 quatuor
1458 3242 1759 3298 sacerdotes,
1796 3242 2102 3303 aliquociens
2138 3242 2326 3288 habent

281 3307 392 3354 nisi³
417 3308 543 3353 duos
565 3307 644 3353 vel
668 3310 767 3352 tres
790 3324 800 3363 ;
826 3309 875 3351 et
898 3310 1079 3363 tamen,
1105 3307 1222 3352 licet
1246 3306 1411 3352 desint
1435 3305 1718 3351 huiusmodi
1749 3306 2028 3365 presbiteri,
2054 3305 2320 3352 allocatum

280 3375 355 3418 est
377 3371 628 3417 abbatisse
652 3384 743 3429 pro
768 3370 1030 3428 stipendiis
1054 3373 1103 3415 et
1126 3384 1298 3416 mensa
1320 3372 1532 3431 quatuor
1549 3369 1878 3415 sacerdotum.

383 3474 396 3498 ¹
424 3474 470 3511 Si
502 3487 510 3511 :
783 3503 792 3512 .

380 3527 397 3551 ²
423 3488 522 3564 Tfiis
540 3474 783 3576 {erthgssegtet
800 3525 1013 3563 document
1032 3525 1066 3563 is
1083 3525 1234 3563 rubbed
1254 3524 1332 3562 and
1350 3531 1452 3571 torn,
1471 3523 1548 3561 and
1566 3522 1633 3561 the
1652 3522 1758 3561 word
1769 3528 1950 3574 pretextu
1969 3523 2002 3561 is
2020 3536 2116 3574 very
2135 3523 2247 3562 faint.

380 3576 396 3601 ³
422 3579 488 3616 Sic
506 3591 520 3615 .·
547 3591 618 3615 non
637 3575 773 3614 habent
790 3578 870 3614 nisi
887 3577 920 3614 is
939 3589 1152 3625 necessary
1171 3587 1212 3613 to
1231 3577 1298 3614 the
1316 3588 1442 3614 sense.

382 3647 395 3672 ¹
422 3647 487 3687 On
509 3646 715 3685 Elizabeth
736 3646 1035 3685 Felmersham's
1054 3647 1173 3684 death
1193 3647 1232 3684 in
1266 3646 1374 3694 1446,
1402 3645 1515 3683 Alice
1548 3645 1709 3695 Henley
1740 3658 1818 3683 was
1845 3644 1998 3683 elected
2026 3646 2182 3684 abbess.
2241 3645 2327 3683 Her

277 3699 562 3748 temporalities
581 3710 681 3736 were
699 3698 877 3756 restored
896 3710 945 3735 on
972 3708 986 3735 1
1011 3698 1122 3747 Sept.
1143 3698 1247 3745 (Cal.
1267 3700 1354 3736 Pat.
1379 3697 1558 3757 3446-52,
1580 3709 1617 3746 p.
1638 3697 1689 3747 2).
1760 3696 1840 3755 §he
1868 3696 1962 3735 died
1991 3698 2030 3735 in
2063 3704 2174 3744 1471,
2194 3696 2323 3756 pheri,

279 3749 1296 3854 5523}ssssssJi?&galiameaz-tffisszzss‘7‘5
1315 3747 1628 3856 §iffi-vum,
1659 3747 1887 3800 p‘⁰v¹⁰⁰⁵¹y
1915 3748 2129 3790 ⁰⁰⁰⁶¹¹¹¹e⁶
2157 3747 2324 3790 mm
