2476 4412
288 419 367 477 25
735 392 1219 455 ALNWICK'S
1301 385 1869 447 VISITATIONS

415 558 585 604 Frater
608 555 857 617 Johannes
883 553 1013 598 Rose
1037 552 1222 596 iuratus
1246 550 1295 618 et
1313 545 1460 592 simili
1484 543 1657 591 mod01
1683 515 1959 591 concordat
1983 559 2095 590 cum
2123 544 2244 617 aliis,
2270 547 2321 591 et

288 622 410 668 dicit
431 621 633 666 vlterius
668 616 804 679 quod
839 615 1042 677 quidam
1078 612 1312 659 secularis
1334 609 1587 672 Johannes
1611 607 1694 654 del
1717 607 2003 654 Chaumbre
2025 607 2125 654 hoc
2157 622 2321 668 ipsum

287 684 588 793 aufflssztfer
623 744 872 807 Johannes
913 741 1165 786 Howtone
1201 739 1387 783 iuratus
1411 738 1460 781 et
1484 734 1631 780 simili
1656 734 1810 781 modo
1833 735 2169 793 interrogatus
2202 748 2319 782 con-

734 821 814 851 1⁴18.

285 810 597 918 cordss'trgtist?
620 810 871 932 {gbeannes
907 866 1169 912 Swallowe
1205 865 1391 910 iuratus
1415 864 1465 909 et
1488 860 1635 907 simili
1659 860 1813 907 modo
1836 861 2170 921 interrogatus
2204 875 2320 908 con-

285 936 461 982 cordat
484 949 597 981 cum
619 934 740 980 aliis.

416 999 587 1044 Frater
610 995 891 1042 WVillelmus
916 993 1180 1052 Bekeryng
1203 991 1389 1036 iuratus
1414 991 1462 1035 et
1486 988 1633 1034 simili
1670 987 1824 1034 modo
1847 987 2180 1048 interrogatus
2204 1002 2319 1035 con-

285 1061 460 1108 cordat
484 1075 597 1107 cum
619 1060 739 1106 aliis.

1253 1228 1372 1285 III.

1038 1345 1571 1418 [BARDENEY]

1097 1499 1099 1501 -
1172 1463 1286 1526 [Fo.
1327 1463 1429 1526 17.]

410 1573 521 1632 Xvij
548 1571 629 1617 die
653 1569 1048 1629 mensisffMarciL
1069 1583 1201 1615 anno
1222 1568 1426 1615 Domini
1444 1569 1804 1626 mccccxxxix0,
1823 1569 1874 1614 in
1893 1568 2046 1615 domo
2065 1569 2326 1630 capitulari

285 1636 568 1695 monasterij
596 1634 659 1680 de
685 1634 961 1693 Bardeney,
987 1633 1177 1678 ordinis
1201 1633 1358 1678 sancti
1384 1631 1664 1688 Benedicti,
1692 1632 2058 1679 Lincolniensis
2092 1633 2323 1691 diocesiS‚

285 1714 454 1747 coram
490 1698 768 1744 reuerendo
803 1699 945 1757 patre
984 1699 1034 1742 et
1078 1696 1284 1742 domino
1319 1695 1592 1753 willelmo,
1632 1695 1728 1742 Dei
1771 1697 1940 1756 gracia
1985 1696 2326 1744 Lincolniensi

286 1765 539 1822 episeopo,
565 1762 684 1821 ipsis
708 1761 789 1807 die
813 1763 862 1807 et
897 1760 1010 1806 loco
1033 1759 1332 1806 iudicialiter
1356 1759 1565 1806 sedente
1587 1761 1975 1819 comparuerunt
1997 1761 2327 1820 personaliter

286 1827 443 1873 abbas
487 1828 536 1872 et
575 1824 752 1884 singuli
792 1823 1025 1869 monachi
1065 1823 1187 1869 dicti
1230 1823 1343 1879 loci,
1389 1823 1543 1870 fratre
1587 1822 1786 1870 Thoma
1831 1823 2053 1870 Bartone
2095 1827 2324 1884 excepto.

286 1890 475 1948 Quibus
519 1888 653 1934 idem
698 1887 1001 1934 reuerendus
1044 1889 1186 1946 pater
1230 1888 1463 1946 exposuit
1506 1901 1707 1933 causam
1751 1886 1999 1933 aduentus
2043 1888 2132 1945 sui,
2176 1902 2327 1934 vnam

285 1952 518 1999 videlicet
554 1951 690 2013 quod
725 1953 824 1997 iam
846 1966 876 1997 a
900 1951 985 1996 diu
1008 1950 1219 1997 relatum
1242 1950 1336 1996 fuit
1359 1950 1454 1996 sibi
1493 1949 1771 1997 Londoniis
1794 1950 1932 2013 quod
1954 1950 2191 1998 monachi
2224 1965 2327 1998 non
2375 1967 2380 1971 ·

285 2016 484 2062 fuerunt
507 2015 800 2061 obedientes
823 2015 918 2074 ipsi
941 2014 1126 2071 abbati,
1153 2014 1244 2060 sed
1267 2014 1403 2076 quod
1426 2017 1696 2074 propterea
1719 2027 1901 2073 magna
1925 2017 2031 2061 erat
2055 2014 2329 2062 dissolucio

286 2081 336 2125 in
360 2079 660 2124 monasterio
686 2095 696 2125 :
730 2079 886 2124 tercio
923 2078 1058 2138 quod
1094 2078 1304 2124 relatum
1326 2077 1421 2123 fuit
1444 2078 1539 2123 sibi
1574 2077 1713 2140 quod
1747 2077 1906 2124 abbas
1928 2078 2079 2124 tantis
2101 2077 2326 2125 infirmit-

287 2143 448 2188 atibus
484 2141 611 2188 adeo
656 2144 730 2188 est
765 2142 1016 2201 impotens
1055 2140 1264 2188 effectus
1303 2141 1441 2203 quod
1477 2156 1579 2188 non
1623 2140 1804 2187 sufficit
1847 2141 1914 2187 ad
1958 2143 2033 2188 sui
2078 2144 2128 2188 et
2170 2142 2328 2202 ipsius

287 2206 570 2266 monasterij
610 2206 830 2264 regimen
865 2206 916 2250 in
951 2205 1290 2265 spiritualibus
1325 2207 1409 2251 aut
1443 2205 1818 2264 temporalibus,
1859 2207 1909 2251 et
1953 2207 2222 2265 propterea
2264 2220 2330 2253 ex

287 2269 568 2315 necessario
591 2271 790 2328 oportet
811 2269 1052 2328 assignari
1076 2269 1170 2314 sibi
1194 2267 1494 2315 coadiutor.1
1570 2269 1727 2315 Peciit
1749 2269 1899 2328 igitur
1921 2269 1986 2315 ab
2009 2269 2120 2329 ipso
2143 2269 2329 2316 abbate

286 2333 326 2378 si
348 2347 495 2394 quem
519 2335 568 2378 et
591 2346 739 2393 quem
761 2332 910 2379 vellet
933 2333 1028 2378 sibi
1051 2332 1308 2391 assignari,
1333 2347 1636 2394 quamquam
1659 2333 1872 2392 ipsemet
1895 2335 2103 2392 propter
2127 2347 2328 2380 causam

287 2395 563 2455 predictam
599 2396 757 2441 eciam
795 2399 962 2456 preter
997 2410 1298 2442 consensum
1337 2411 1480 2441 suum
1517 2399 1690 2456 posset
1733 2395 1828 2442 sibi
1873 2411 2024 2442 vnum
2069 2396 2326 2457 deputare.

287 2458 432 2505 Vnde
455 2459 589 2504 idem
625 2459 780 2505 abbas
816 2460 1070 2505 aduisatus
1095 2459 1390 2506 consenciit²
1413 2461 1466 2505 vt
1488 2459 1642 2506 frater
1663 2459 1852 2506 Alanus
1878 2459 2166 2517 Kirketone,
2192 2461 2331 2521 prior

288 2522 385 2568 loci
424 2522 565 2576 illius,
606 2523 699 2568 sibi
745 2522 1011 2582 deputetur
1055 2524 1106 2568 in
1150 2522 1496 2569 coadiutorem
1540 2524 1625 2584 qui
1670 2523 1765 2569 sibi
1809 2524 2007 2570 assistat
2051 2526 2101 2570 et
2145 2523 2330 2570 habeat

289 2585 505 2631 officium
542 2586 839 2643 huiusmodi,
865 2601 979 2632 cum
1014 2587 1122 2646 ipse
1145 2589 1352 2647 propter
1376 2586 1662 2633 huiusmodi
1686 2585 1999 2633 infirmitates
2022 2588 2220 2634 notorie
2254 2590 2331 2634 est

288 2649 535 2708 impotens
579 2664 671 2708 pro
715 2650 956 2708 regimine
1001 2650 1122 2696 dicti
1167 2651 1454 2711 monasterij
1501 2653 1605 2696 tam
1649 2651 1856 2696 interius
1900 2665 2051 2712 quam
2096 2651 2327 2699 exterius.

291 2712 503 2770 Rogauit
537 2713 684 2770 igitur
717 2713 851 2759 idem
880 2713 1036 2759 abbas
1061 2714 1251 2760 dictum
1287 2713 1621 2760 reuerendum
1644 2716 1839 2774 patrem
1861 2717 1914 2760 vt
1936 2714 2101 2774 ipsum
2123 2714 2330 2762 fratrem

288 2774 499 2820 Alanum
523 2776 616 2820 sibi
641 2775 882 2835 deputare
905 2777 1138 2836 dignetur
1161 2778 1212 2822 in
1237 2777 1596 2824 coadiutorem.
1662 2777 1810 2824 Vnde
1833 2779 1949 2837 post
1970 2777 2330 2840 aliquantulum

290 2838 602 2884 interuallum
627 2839 788 2885 dictus
812 2841 1118 2886 reuerendus
1141 2843 1283 2900 pater
1306 2841 1555 2900 prefatum
1572 2841 1800 2898 Alanum,
1819 2842 1938 2888 licet
1954 2842 2331 2902 quodammodo

291 2901 598 2956 renitentem,
638 2902 773 2948 dicto
817 2903 957 2949 fratri
1001 2904 1216 2965 Johanni
1251 2904 1422 2951 abbati
1459 2905 1524 2950 de
1563 2906 1664 2951 suis
1701 2906 1954 2965 peticione
1992 2908 2044 2952 et
2080 2920 2330 2952 consensu

291 2966 536 3023 expressis
579 2966 630 3010 in
678 2967 1020 3013 coadiutorem
1065 2967 1339 3027 deputauit.
1432 2968 1499 3014 Et
1543 2968 1729 3015 deinde
1773 2969 1954 3015 iurauit
1996 2969 2133 3016 idem
2176 2969 2332 3016 frater

290 3027 474 3073 Alanus
497 3028 561 3073 ad
585 3032 755 3074 sancta
793 3030 886 3076 Dei
923 3032 1182 3090 euangelia
1205 3031 1341 3091 quod
1363 3030 1579 3078 fideliter
1601 3034 1651 3078 et
1675 3032 1941 3092 diligenter
1962 3032 2333 3079 administrabit

292 3091 342 3135 in
379 3093 736 3150 temporalibus
775 3093 896 3139 dicti
935 3096 1223 3141 monasterii
1263 3098 1312 3141 et
1355 3095 1560 3155 plenum
1599 3098 1650 3142 et
1692 3095 1895 3143 fidelem
1940 3098 2231 3156 compotum
2267 3096 2332 3143 de

291 3153 728 3202 administracione
752 3171 839 3202 sua
862 3172 974 3203 cum
1000 3161 1204 3205 exactus
1227 3158 1376 3205 fuerit
1400 3159 1593 3206 reddet.
1676 3160 1743 3205 Et
1767 3159 1953 3206 deinde
1977 3159 2140 3206 dictus
2173 3159 2332 3206 abbas

295 3217 451 3262 simile
486 3220 700 3276 prestitit
735 3220 1063 3267 iuramentum
1098 3221 1233 3282 quod
1257 3222 1409 3268 nichil
1445 3223 1644 3282 penitus
1667 3223 1968 3269 ministrabit
1989 3226 2075 3270 aut
2098 3223 2334 3284 disponet

296 3279 376 3324 de³
398 3282 753 3339 temporalibus
778 3283 898 3329 dicti
922 3286 1208 3346 monasterij
1234 3286 1422 3346 absque
1446 3289 1496 3332 et
1519 3287 1613 3332 nisi
1651 3286 1715 3333 de
1737 3287 2007 3344 voluntate,
2033 3288 2250 3334 sciencia
2283 3289 2334 3334 et

295 3356 541 3388 consensu
565 3343 684 3389 dicti
709 3345 873 3391 fratris
896 3346 1040 3393 Alani
1063 3349 1370 3396 coadiutoris
1394 3350 1483 3396 sui.
1569 3349 1636 3396 Et
1660 3350 1845 3397 deinde
1868 3350 2004 3397 idem
2027 3350 2335 3398 reuerendus

397 3452 414 3526 Ξ
439 3453 509 3541 {fc
527 3467 540 3490 .·
567 3455 821 3503 interrogatus
846 3457 1027 3496 omitted.

471 3517 516 3542 tc.

398 3553 414 3578 3
441 3554 526 3613 The
558 3558 855 3595 memorandum
885 3559 918 3596 is
946 3560 1161 3600 continued
1191 3562 1308 3601 lower
1326 3575 1376 3600 on
1396 3562 1464 3602 the
1482 3576 1585 3615 page
1604 3571 1644 3601 at
1662 3577 1684 3601 a
1703 3563 1816 3614 place
1845 3564 2045 3604 indicated
2064 3565 2116 3614 by
2135 3577 2158 3602 a
2177 3564 2266 3615 sign
2294 3564 2335 3603 in

298 3605 364 3644 the
385 3618 552 3654 margin,
573 3620 614 3643 as
632 3607 699 3646 the
717 3615 794 3645 two
813 3611 1050 3660 succeeding
1069 3613 1311 3664 paragraphs
1331 3614 1409 3652 had
1428 3615 1527 3654 been
1550 3615 1704 3654 written
1726 3616 1858 3655 before
1876 3617 1908 3654 it
1925 3629 2006 3654 was
2024 3616 2207 3655 finished.

397 3694 410 3718 ¹
441 3695 644 3745 Literally,
667 3696 770 3740 John
791 3697 832 3736 of
856 3699 923 3738 the
942 3699 1154 3741 Chamber.

395 3745 412 3768 ²
440 3746 515 3783 For
542 3746 748 3786 Alnwick’s
775 3748 962 3808 itinerary
989 3764 1053 3810 see
1080 3754 1362 3794 introduction.
1434 3756 1470 3794 It
1496 3756 1530 3795 is
1559 3757 1731 3807 possible
1757 3756 1846 3795 that
1873 3770 1894 3795 a
1923 3757 2070 3810 special
2096 3757 2332 3813 deputation

295 3795 393 3837 from
413 3796 479 3836 the
498 3798 623 3851 abbey
643 3811 732 3847 may
752 3799 850 3839 have
869 3814 987 3851 given
1016 3803 1097 3841 him
1117 3804 1196 3842 this
1215 3816 1362 3860 report,
