2488 4296
279 370 391 407 112
424 385 427 387 -
734 350 1224 408 ALNWICK'S
1307 350 1873 409 VISITATIONS

402 508 583 554 Moniti
627 510 742 553 sunt
786 521 961 553 omnes
1004 507 1096 552 sub
1141 521 1272 566 pena
1316 508 1859 554 excommunicacionis
1903 507 2040 570 quod
2086 508 2325 556 decetero

275 572 545 618 cohibeant
564 586 617 616 se
636 574 685 616 et
702 571 985 616 abstineant
1003 571 1066 615 ab
1085 572 1221 616 exitu
1239 572 1288 616 in
1306 571 1474 617 villam
1498 574 1548 617 et
1570 572 1982 632 frequentacione
2004 571 2323 619 tabernarum

273 635 585 694 publicarum
629 638 679 680 et
723 634 932 679 aliorum
975 634 1201 680 locorum
1246 637 1591 694 suspectorum
1645 636 1695 680 in
1750 635 1866 680 villa
1921 635 2056 680 iuxta
2109 634 2323 682 formam
2403 671 2412 676 .

272 701 567 744 statutorum
591 712 740 756 super
763 697 861 742 hoc
885 697 1147 742 editorum.

404 761 468 806 Et
514 760 699 806 deinde
745 761 956 806 obiectis
1001 761 1222 806 articulis
1266 761 1561 820 subscriptis
1617 763 1666 806 et
1721 761 1906 806 habitis
1960 739 2214 820 responsis
2256 761 2323 807 ad

272 824 478 870 eosdem
512 827 564 868 vt
597 823 976 878 infrascribitur,
1013 823 1245 869 dominus
1279 825 1588 870 continuauit
1621 825 1965 870 visitacionem
2002 839 2143 869 suam
2167 839 2323 887 vsque

273 889 542 933 crastinum
569 901 727 941 mane,
754 861 1070 946 presentibus
1095 887 1324 948 Depyng,
1353 887 1464 946 Bug
1487 890 1536 932 et
1561 902 1640 933 me
1665 887 1916 934 Colstone.

402 951 624 996 Monitus
649 953 724 995 est
747 950 983 1008 magister
1007 950 1144 1011 quod
1167 951 1346 996 liberet
1370 950 1576 996 domino
1611 950 1782 996 billam
1806 951 1871 996 de
1895 953 2132 1010 compoto
2158 965 2248 997 suo
2271 953 2324 997 vt

272 1015 644 1060 communicare
667 1013 826 1073 possit
849 1028 963 1059 eum
985 1013 1215 1060 auditore
1240 1028 1388 1073 super
1412 1016 1665 1073 compoto.

403 1077 720 1123 Reformetur
744 1076 973 1122 custodia
996 1077 1208 1122 clauium
1233 1078 1357 1123 ciste
1391 1077 1683 1122 communis.

401 1140 786 1186 Memorandum
822 1140 886 1186 de
920 1139 1199 1186 aduisando
1235 1140 1508 1196 dominum,
1538 1154 1649 1186 cum
1674 1141 1867 1186 venerit
1890 1140 2026 1199 apud
2052 1141 2320 1198 Dauentre,

269 1207 322 1249 vt
345 1204 508 1249 mittat
531 1217 623 1263 pro
647 1203 845 1248 Thoma
867 1203 1137 1264 Wylugby,
1162 1204 1391 1249 auditore
1410 1203 1600 1249 domini
1625 1203 1767 1249 ducis
1792 1203 2024 1250 Eboraci.

396 1267 648 1328 Johannes
672 1266 847 1312 White
872 1270 1020 1326 negat
1044 1268 1233 1312 crimen
1257 1281 1370 1312 cum
1395 1266 1601 1312 muliere
1625 1270 1674 1313 et
1697 1268 1928 1326 purgauit
1951 1281 2005 1314 se
2028 1267 2134 1313 sola
2157 1282 2320 1324 manu,

270 1334 319 1376 et
359 1330 547 1376 dedicit
584 1345 841 1376 accessum
879 1330 1098 1376 mulieris
1135 1330 1199 1376 de
1236 1331 1454 1376 sciencia
1491 1345 1579 1375 sua
1609 1347 1618 1377 :
1652 1333 1821 1376 tamen
1858 1332 2045 1376 iuratus
2080 1332 2320 1393 estquod

270 1394 506 1440 decetero
531 1393 839 1448 cohibeatur,
866 1397 915 1439 et
939 1395 1098 1439 eciam
1121 1394 1259 1455 quod
1283 1397 1447 1440 seruet
1471 1393 1679 1439 chorum
1704 1409 1818 1439 curn
1840 1394 2111 1440 intrauerit.

395 1457 679 1502 Willelmus
702 1456 960 1517 Thurleby
983 1460 1133 1516 negat
1150 1458 1370 1502 crimina.
1445 1456 1615 1503 Habet
1633 1458 1903 1503 crastinum
1921 1458 1986 1503 ad
2005 1458 2321 1517 purgandum

269 1535 322 1566 se
346 1535 460 1566 cum
482 1536 513 1566 v
537 1521 718 1575 sociis,
709 1535 718 1544 ·
753 1524 801 1566 et
825 1520 1218 1566 fateturexitum
1241 1535 1270 1566 a
1293 1520 1451 1566 choro
1475 1521 1525 1565 in
1547 1520 1729 1566 villam.
1769 1521 1940 1567 Habet
1961 1522 2233 1567 crastinum
2255 1522 2320 1568 ad

266 1584 613 1643 recipiendum
669 1585 1020 1643 penitenciam.
1125 1583 1360 1642 Purgauit
1414 1599 1468 1630 se
1523 1598 1637 1629 curn
1706 1584 2007 1644 Brownyng,
2081 1584 2318 1642 Palmere,

269 1647 525 1701 Stonham,
551 1647 689 1707 Why
693 1651 755 1703 te,
783 1651 831 1693 et
854 1648 1073 1693 monitus
1097 1651 1172 1693 est
1195 1647 1328 1706 quod
1356 1647 1594 1693 decetero
1613 1662 1714 1693 non
1733 1650 1878 1693 exeat
1896 1647 2106 1694 chorum
2129 1649 2320 1711 absque

268 1725 418 1757 causa
441 1712 677 1769 legitima,
704 1715 752 1757 et
775 1712 1023 1756 abiurauit
1046 1711 1158 1757 loca
1183 1714 1415 1770 suspecta
1439 1725 1552 1757 cum
1576 1710 1712 1757 dicta
1738 1711 1884 1770 Page.

395 1774 648 1836 Johannes
692 1775 917 1820 Palmere
960 1778 1110 1834 negat
1148 1789 1407 1820 accessum
1446 1774 1667 1820 mulieris
1705 1775 1756 1820 in
1797 1789 2062 1821 cameram.
2109 1775 2319 1822 Habet

267 1839 539 1883 crastinum
562 1838 628 1883 ad
652 1838 967 1898 purgandum
992 1853 1045 1884 se
1069 1852 1184 1883 cum
1217 1839 1376 1883 tribus
1400 1839 1562 1883 sociis.
1635 1837 1868 1898 Purgauit
1892 1853 1946 1885 se
1969 1838 2075 1884 sola
2098 1853 2249 1884 manu
2270 1843 2321 1886 et

267 1901 501 1946 dimissus
524 1905 613 1947 est,

390 1964 644 2026 Johannes
672 1965 934 2010 Puttenam
958 1964 1141 2011 fatetur
1165 1965 1572 2024 predicacionem
1595 1982 1603 2010 z
1654 1965 1838 2024 allegat
1871 1965 2135 2012 licenciam
2168 1980 2319 2027 quam

264 2043 365 2074 non
390 2029 570 2087 probat
596 2046 605 2075 :
640 2028 823 2074 fatetur
847 2029 1247 2074 celebracionem
1272 2029 1407 2075 citra.
1481 2028 1650 2074 Habet
1673 2029 1941 2074 terminum
1965 2030 2235 2076 crastinum
2252 2030 2319 2076 ad

265 2092 652 2151 proponendum
712 2107 866 2153 quare
927 2106 1028 2138 non
1075 2092 1259 2138 debeat
1313 2093 1634 2151 pronunciari
1691 2093 1975 2151 irregularis
2029 2095 2079 2138 et
2134 2093 2319 2152 priuari

265 2154 511 2202 beneficio
535 2155 747 2215 collegii.
808 2156 875 2201 Et
899 2170 991 2215 pro
1017 2155 1437 2202 confederacione
1461 2170 1574 2202 cum
1599 2156 1747 2201 sociis
1765 2159 1942 2202 contra
1959 2157 2250 2216 magistrum
2269 2159 2319 2203 et

263 2233 356 2278 pro
385 2219 738 2265 inobediencia
763 2220 1000 2278 magistri,
1027 2219 1260 2264 dominus
1285 2219 1543 2280 sequendo
1567 2219 1939 2265 confessionem
1962 2234 2102 2265 suam
2126 2219 2315 2266 declar·

262 2283 365 2327 auit
411 2283 574 2341 ipsum
620 2284 1121 2339 excommunicatum,
1163 2286 1212 2328 et
1258 2283 1412 2329 habet
1453 2282 1589 2328 diem
1628 2283 1769 2328 Lune
1809 2286 1924 2342 post
1963 2283 2137 2344 Jacobi
2181 2283 2317 2342 apud

265 2345 585 2405 Lidyngtone
610 2346 674 2391 ad
698 2346 1084 2405 proponendum
1110 2361 1263 2407 quare
1303 2360 1404 2392 non
1443 2345 1626 2391 debeat
1661 2347 1983 2405 pronunciari
2019 2345 2316 2405 irregularis.

266 2408 540 2455 Reseruata
574 2412 823 2468 potestate
858 2410 1157 2468 corrigendi,
1194 2409 1500 2455 reformandi
1535 2409 1736 2456 detecta
1775 2413 1825 2456 et
1864 2409 2085 2456 faciendi
2126 2410 2316 2456 iniunc-

260 2473 444 2530 ciones,
473 2473 706 2519 dominus
731 2473 960 2520 dissoluit
984 2473 1330 2519 visitacionem
1356 2473 1528 2519 suam.¹

1175 2641 1418 2733 XXIV'.

1061 2783 1177 2845 [Fo.
1216 2797 1278 2844 24
1311 2781 1514 2844 sched]

388 2886 635 2932 Nouerint
659 2887 876 2933 vniuersi
900 2901 989 2946 per
1013 2888 1273 2946 presentes
1297 2900 1378 2932 me
1400 2885 1730 2942 willelmum,
1759 2884 2164 2931 Lincolniensem
2187 2885 2315 2945 epis·

259 2963 455 3008 copum,
482 2950 716 2996 habuisse
739 2953 788 2996 et
811 2965 874 2996 ex
898 2950 1222 2996 commodato
1244 2950 1503 3008 accepisse
1528 2949 1611 2994 die
1634 2948 1976 2995 confeccionis
2000 2949 2315 3008 presencium

259 3012 324 3057 de
361 3011 584 3059 ,Iohanne
618 3014 856 3070 Londone,
882 3013 1084 3059 abbate²
1119 3011 1463 3074 [monasterii]
1506 3012 1656 3058 beate
1694 3011 1854 3058 Marie
1890 3011 1955 3058 de
1989 3011 2312 3070 Geroldonia,

359 3124 372 3148 Χ
624 3125 630 3132 .

357 3175 374 3198 2
400 3124 866 3214 Eoeosstffear'z'tgscssilgglllzed.
922 3176 958 3213 A
977 3176 1084 3225 large
1106 3175 1264 3225 portion
1285 3176 1329 3214 of
1354 3175 1421 3214 the
1448 3174 1683 3224 right-hand
1708 3175 1794 3213 side
1821 3174 1864 3213 of
1889 3174 1958 3212 the
1985 3174 2135 3225 receipt
2163 3174 2197 3213 is
2223 3182 2315 3213 torn

256 3241 381 3277 away.

356 3317 369 3341 ¹
398 3317 486 3355 The
517 3318 661 3367 bishop
694 3331 770 3356 was
799 3326 838 3355 at
871 3318 1091 3367 Daventry,
1121 3318 1159 3355 in
1191 3318 1259 3355 the
1288 3329 1425 3355 course
1456 3317 1499 3354 of
1523 3316 1584 3354 his
1614 3316 1835 3363 visitation,
1854 3329 1906 3354 on
1939 3323 1981 3363 15
2015 3316 2093 3354 and
2127 3315 2172 3353 16
2199 3315 2310 3367 July.

254 3369 431 3407 Thomas
451 3359 658 3419 Wylugby
678 3369 930 3418 presumably
951 3369 1059 3406 lived
1078 3380 1118 3406 at
1139 3368 1432 3418 Willoughby
1423 3381 1461 3406 in
1482 3367 1801 3412 Warwiekshire‚
1820 3367 1978 3405 which
1967 3381 2001 3405 is
2029 3375 2099 3405 not
2126 3367 2186 3405 far
2211 3368 2310 3405 from

253 3420 473 3468 Daventry.
530 3419 617 3457 The
636 3419 742 3458 duke
762 3420 804 3457 of
829 3420 952 3466 York,
971 3430 1113 3470 patron
1133 3421 1174 3457 of
1202 3419 1506 3469 Fothering'hay
1524 3418 1680 3467 college
1708 3429 1750 3455 at
1777 3418 1859 3456 this
1886 3419 1996 3465 time,
2015 3431 2093 3455 was
2123 3417 2312 3465 Richard,

254 3471 383 3508 father
415 3471 458 3508 of
483 3470 653 3507 Edward
675 3481 720 3508 1v
753 3471 831 3508 and
867 3471 1040 3509 Richard
1062 3482 1127 3518 111,
1155 3471 1234 3508 and
1266 3470 1432 3520 nephew
1465 3469 1507 3508 of
1531 3469 1600 3507 the
1629 3469 1811 3508 founder.
1881 3470 1995 3507 After
2025 3469 2088 3507 his
2118 3469 2237 3507 death
2268 3479 2309 3506 at

252 3521 476 3559 Wakefield
506 3522 548 3559 in
582 3521 691 3568 1460,
722 3521 783 3560 his
814 3523 920 3571 body
949 3535 1028 3559 was
1058 3523 1234 3571 brought
1265 3522 1364 3560 from
1397 3521 1628 3559 Pontefract
1647 3522 1779 3570 priory
1798 3528 1840 3558 to
1861 3520 2174 3570 Fotheringhay.
2235 3519 2313 3559 His

251 3583 413 3622 present
432 3581 682 3618 monument,
704 3586 753 3610 on
774 3573 841 3610 the
860 3573 978 3611 north
999 3573 1084 3612 side
1107 3573 1149 3611 of
1159 3536 1242 3611 gthe
1261 3572 1388 3610 altar
1380 3585 1419 3610 in
1439 3572 1506 3610 the
1524 3584 1626 3610 nave
1645 3571 1687 3610 of
1710 3572 1778 3609 the
1798 3571 1960 3616 chureh,
1979 3584 2058 3609 was
2085 3581 2158 3621 put
2185 3583 2240 3622 up
2265 3571 2307 3609 in

250 3623 319 3662 the
342 3624 437 3661 time
458 3624 501 3660 of
524 3636 651 3672 queen
672 3601 896 3662 lilizabeth.

353 3675 370 3699 2
399 3684 446 3720 30
465 3674 573 3724 July,
598 3684 708 3733 1443.
781 3674 868 3712 The
901 3674 1156 3724 irregularity
1187 3674 1387 3713 consisted
1415 3675 1455 3712 in
1489 3674 1557 3712 the
1590 3674 1667 3711 fact
1700 3673 1788 3711 that
1819 3673 2078 3720 Puttenham‚
2109 3673 2230 3722 being
2255 3686 2305 3711 an

248 3724 435 3818 {rdgnary
455 3726 605 3764 secular
625 3726 746 3775 priest
765 3725 932 3763 without
951 3738 1044 3768 cure
1063 3726 1105 3765 of
1130 3726 1254 3774 souls,
1273 3725 1391 3764 could
1419 3733 1490 3764 not
1518 3724 1662 3781 preach
1689 3725 1861 3765 without
1885 3738 1908 3762 a
1935 3724 2085 3767 licence
2111 3723 2211 3762 from
2238 3724 2308 3767 the

277 3788 310 3814 is
342 3788 393 3831 op
