2488 4296
254 362 369 416 199
702 343 1193 401 ALNWICK’S
1277 342 1844 402 VISITATIONS

379 499 522 545 Idem
560 500 796 558 magister
831 499 1114 544 absentauit
1150 513 1203 544 se
1226 498 1290 544 ab
1313 499 1408 544 ista
1431 497 1643 545 ecclesia
1667 498 1930 558 collegiata
1952 500 2079 546 vltra
2100 503 2298 560 tempus

249 564 603 618 minucionum,
629 565 837 621 propter
860 562 997 622 quod
1021 563 1272 607 amitteret
1296 562 1629 608 residenciam
1652 577 1806 608 suam.

378 627 505 671 Item
542 626 664 671 dicit
702 625 838 686 quod
876 625 1110 670 dominus
1150 625 1402 671 Henricus
1440 626 1590 682 Roos,
1628 625 1935 682 canonicus,¹
1959 630 2072 683 etc.,
2097 631 2299 674 exercet

247 690 481 735 tabernas
519 692 568 734 et
606 689 757 734 habet
781 703 1099 734 communem
1122 703 1378 734 accessum
1403 689 1453 733 in
1476 688 1643 734 villam
1681 689 1965 750 Leycestrie
1988 690 2038 735 in
2063 704 2296 750 magnum

249 753 459 798 ecclesie
484 752 787 798 scandalum.

379 815 448 876 [F
452 830 495 861 o.
527 829 615 875 103
653 816 699 861 d.
727 814 928 875 sched]
1003 815 1248 860 Dominus
1283 814 1567 861 Willelmus
1610 815 1795 876 Derby,
1832 816 2058 873 vicariuS,
2097 820 2206 875 etc.,
2232 818 2298 863 de

244 879 471 924 obituum
496 879 752 924 solucione
777 878 986 937 deponit
1009 881 1060 923 vt
1085 893 1234 937 supra
1258 878 1544 937 depositum
1568 881 1657 924 est.

375 943 620 988 Dominus
647 943 871 1001 Rogerus
898 942 1219 1001 Fysshewyk,
1245 942 1530 997 canonicus,
1555 945 1666 997 etc.,
1692 941 1815 988 dicit
1838 944 2006 988 omnia
2030 943 2174 989 bene.

373 1006 619 1051 Dominus
656 1005 909 1067 Johannes
949 1005 1202 1061 Banastre,
1229 1006 1454 1061 vicariuS,
1479 1009 1592 1063 etc.,
1619 1005 1773 1050 nichil
1797 1006 2019 1065 deponit,
2045 1008 2160 1068 quia
2195 1021 2295 1053 non

243 1069 329 1114 diu
352 1069 540 1115 ibidem
564 1083 756 1114 moram
779 1070 941 1114 traxit.

372 1133 685 1190 (Iniunccio.)
755 1132 1000 1177 Dominus
1017 1132 1278 1193 'Johannes
1306 1132 1452 1178 Halle
1477 1133 1600 1178 dicit
1622 1132 1760 1194 quod
1784 1133 1952 1178 vinum
1977 1134 2113 1195 quod
2149 1133 2294 1180 datur

245 1196 626 1241 ministrandum
651 1197 700 1240 in
727 1197 888 1241 missis
914 1210 1012 1241 non
1038 1199 1112 1240 est
1136 1210 1325 1251 sanum,
1351 1198 1426 1240 set
1450 1197 1597 1241 nimis
1620 1198 1869 1241 vetustum
1895 1199 1944 1241 et
1967 1197 2254 1256 insipidum.

372 1259 689 1320 (Iniunccio.)
759 1260 894 1304 Dicit
932 1260 1091 1304 eciam
1127 1259 1264 1319 quod
1289 1260 1501 1304 ministri
1526 1260 1864 1305 ministrantes
1888 1260 2022 1305 circa
2046 1276 2294 1306 summum

241 1323 396 1368 altare
439 1323 727 1384 frequenter
766 1325 967 1367 vtuntur
1007 1323 1283 1382 calepodiis
1321 1322 1513 1381 ligneis,
1554 1323 1687 1368 vnde
1726 1324 1951 1368 oriuntur
1996 1325 2187 1370 sonitus
2231 1339 2293 1370 ex

242 1401 414 1432 eorum
439 1386 855 1432 deambulacione
879 1387 929 1431 in
955 1385 1301 1431 ministrando.

374 1451 619 1495 Dominus
643 1450 896 1511 Johannes
923 1450 1100 1509 Dalby,
1125 1450 1351 1506 vicarius,
1376 1452 1486 1506 etc.,
1513 1450 1635 1495 dicit
1658 1450 1826 1495 omnia
1850 1451 1996 1495 bene.

375 1514 618 1559 Dominus
663 1513 947 1559 Willelmus
991 1513 1307 1569 Watersone,
1353 1513 1641 1573 capellanus
1685 1515 1919 1571 cantarie,
1961 1514 2082 1559 dicit
2125 1515 2293 1560 omnia

246 1578 387 1623 bene

374 1641 618 1686 Dominus
641 1640 865 1686 Thomas
891 1640 1165 1699 Langham,
1191 1640 1477 1712 capellanus
1500 1641 1734 1697 cantarie,
1760 1640 1882 1686 dicit
1904 1641 2040 1702 quod
2065 1643 2292 1688 canonici

242 1718 356 1749 cum
382 1706 544 1763 primo
569 1705 864 1749 intrauerint
888 1704 1098 1750 chorum
1122 1707 1238 1750 ante
1262 1705 1461 1750 seruicii
1486 1703 1643 1749 diuini
1667 1718 1699 1750 o
1735 1742 1743 1750 .
1782 1742 1791 1750 .
1828 1741 1836 1749 .
1877 1742 1886 1750 .

582 1863 690 1908 PRo
725 1875 868 1908 nono
904 1875 1167 1909 COLLEGIO
1205 1863 1534 1908 LEYCESTRIE
1572 1875 1959 1908 1N1UNCC10NES.

1129 1935 1244 1997 [Fo.
1288 1935 1443 1997 103.]⁸

369 2012 667 2068 willelmus,
706 2013 1033 2071 permissione
1071 2012 1242 2057 diuina
1284 2013 1650 2058 Lincolniensis
1687 2013 1969 2071 episcopus,
2010 2013 2207 2060 dilectis
2240 2015 2290 2060 in

241 2076 443 2122 Christo
488 2075 601 2121 filiis
647 2075 842 2121 decano
887 2076 1193 2137 singulisque
1238 2077 1506 2131 canonicis,
1553 2075 1763 2121 vicariis⁴
1807 2078 1857 2122 et
1901 2077 2139 2123 ministris
2182 2078 2292 2124 aliis

240 2140 622 2200 quibuscunque
659 2140 872 2185 ecclesie
909 2154 1039 2185 noue
1084 2140 1349 2198 collegiate
1386 2140 1532 2185 beate
1574 2140 1733 2185 Marie
1776 2139 2078 2200 Leycestrie‚
2121 2144 2290 2188 nostre

240 2204 471 2259 diocesis,
498 2203 813 2262 presentibus
837 2206 887 2248 et
910 2202 1088 2248 futuris
1112 2203 1335 2260 salutem,
1361 2204 1581 2262 graciam
1606 2206 1655 2249 et
1679 2203 2107 2250 benediccionem.
2159 2205 2290 2251 Cure

239 2267 384 2311 nobis
424 2270 499 2312 est
540 2281 704 2311 mores
745 2267 794 2311 in
835 2266 1024 2325 populo
1063 2270 1112 2312 et
1148 2266 1285 2312 clero
1324 2267 1471 2312 nobis
1507 2266 1721 2312 subditis
1759 2266 2047 2324 reformare,
2084 2268 2290 2315 virtutes

238 2330 465 2389 plantare
506 2333 555 2375 et
594 2331 722 2375 vicia
762 2330 958 2375 sarculo
998 2331 1335 2376 cori-eccionis
1372 2330 1625 2376 ordinarie
1661 2330 1878 2375 euellere
1915 2333 1966 2376 et
2007 2332 2286 2391 extirpare;

238 2397 443 2452 propter
467 2408 563 2454 que
588 2394 814 2439 visitacio
838 2393 1092 2439 ordinaria
1117 2395 1338 2439 noscitur
1361 2394 1599 2450 instituta.
1667 2394 1957 2439 Visitantes⁵
1991 2394 2170 2454 itaque⁶
2189 2395 2288 2441 iam

238 2457 428 2502 dudum
454 2458 558 2502 iure
583 2460 756 2502 nostro
779 2457 1035 2502 ordinario
1059 2472 1136 2503 vos
1158 2459 1199 2502 et
1235 2458 1413 2503 dictam
1450 2457 1689 2502 ecclesiam
1714 2456 2027 2516 collegiatam,
2053 2461 2201 2517 prout
2223 2459 2288 2505 ad

237 2520 334 2565 hoc
374 2534 465 2566 nos
502 2521 710 2579 vi-gebat
746 2535 864 2565 cura
902 2523 1071 2566 nostra
1108 2521 1384 2580 pastoraliS,
1410 2523 1460 2566 et
1496 2535 1646 2580 super
1669 2522 1801 2566 statu
1825 2520 1960 2567 dicte
1983 2521 2195 2568 ecclesie
2228 2537 2286 2568 ac

230 2584 574 2643 pertinencium
613 2584 681 2628 ad
715 2598 820 2629 eam
847 2585 1286 2645 ministrorumque
1322 2584 1546 2630 eiusdem
1571 2583 1783 2630 sollicite
1819 2584 2140 2645 inquirentes,
2165 2600 2285 2631 non-

237 2647 370 2692 nulla
406 2648 816 2706 repperiebamus
839 2650 1015 2693 contra
1050 2647 1264 2693 formam
1289 2650 1586 2693 statutorum
1623 2647 1757 2693 dicte
1781 2647 1992 2694 ecclesie
2016 2649 2288 2694 iuratorum

236 2713 532 2769 attemptata
569 2711 714 2755 nobis
751 2711 801 2755 in
825 2711 1157 2772 inquisicione
1182 2713 1351 2757 nostra
1374 2711 1662 2756 huiusmodi
1687 2711 1888 2756 detecta
1912 2713 1962 2757 et
1985 2711 2164 2769 delata,
2189 2727 2288 2774 que

237 2774 603 2820 reformacione
648 2789 748 2819 non
793 2775 1028 2820 inmerito
1073 2774 1382 2833 indigebant.
1484 2774 1728 2820 Nolentes
1782 2774 1945 2832 igitur,
1992 2775 2137 2821 sicuti
2193 2790 2286 2822 nec

237 2837 480 2883 debemus
525 2852 645 2883 sana
700 2838 1031 2894 consciencia,
1089 2837 1374 2884 huiusmodi
1431 2837 1632 2884 detecta
1685 2837 1938 2884 dimittere
1991 2839 2284 2895 incorrecta,

236 2900 579 2959 infrascriptas
617 2903 812 2946 nostras
847 2901 1205 2958 iniuncciones,
1231 2901 1583 2947 ordinaciones
1606 2903 1656 2947 et
1679 2900 1917 2947 mandata
1938 2903 1991 2948 vt
2014 2916 2106 2962 pro
2130 2902 2282 2949 refor-

237 2965 466 3010 macione
503 2964 817 3010 detectorum
854 2964 1140 3010 huiusmodi
1176 2965 1320 3011 vobis
1354 2965 1736 3010 transmittimus
1771 2979 1861 3024 per
1883 2979 1973 3011 vos
1995 2968 2286 3027 vestrosque

237 3042 552 3073 successores
576 3027 770 3073 futuros
793 3028 1162 3087 imperpetuum
1186 3028 1542 3074 inuiolabiliter
1563 3028 1916 3074 obseruanda.⁷

367 3091 424 3135 In
449 3091 635 3162 primis,
661 3105 775 3136 cum
798 3091 848 3136 in
873 3092 1070 3137 statutis
1093 3092 1215 3137 dicti
1238 3091 1438 3150 collegii
1456 3092 1627 3137 iuratis
1644 3094 1878 3137 caueatur
1896 3106 2132 3150 expresse
2148 3091 2284 3152 quod

235 3153 301 3199 ad
324 3168 474 3199 omne
497 3154 660 3199 minus
683 3156 896 3215 quatuor
919 3155 1148 3200 canonici
1173 3170 1221 3200 m
1225 3156 1428 3200 atutinis
1451 3155 1673 3216 qualibet
1702 3157 1850 3200 nocte
1884 3156 2125 3201 interesse
2149 3158 2283 3201 tene-

235 3220 394 3273 antur,
435 3231 493 3262 ac
541 3217 685 3262 nobis
724 3217 979 3263 detectum
1024 3218 1203 3264 existat
1242 3218 1379 3280 quod
1424 3219 1564 3279 quasi
1605 3232 1667 3264 ex
1705 3218 2067 3264 consuetudine
2110 3232 2284 3264 omnes

235 3281 464 3326 canonici
489 3280 618 3325 illius
642 3280 890 3338 ecclesie,
913 3296 1003 3327 vno
1025 3281 1122 3328 solo
1146 3282 1230 3341 qui
1251 3285 1468 3328 executor
1489 3281 1628 3340 officii
1664 3285 1726 3327 est
1748 3281 1947 3341 excepto⁹
1967 3297 1997 3327 a
2031 3282 2283 3328 matutinis

339 3383 349 3405 ¹
378 3396 425 3420 ex
443 3384 659 3420 cancelled.

333 3435 350 3458 2
379 3435 466 3472 The
485 3434 707 3484 deposition
729 3435 826 3472 ends
844 3434 1026 3484 abruptly
1045 3435 1150 3473 here.

335 3485 350 3509 ³
378 3487 431 3522 At
450 3486 517 3524 the
541 3491 690 3523 bottom
709 3486 753 3523 of
767 3486 833 3523 the
853 3486 940 3528 leaf,
958 3487 1056 3524 after
1075 3487 1141 3524 the
1161 3492 1291 3536 report
1309 3487 1353 3524 of
1368 3487 1434 3525 the
1453 3485 1607 3535 inquiry
1626 3485 1710 3524 into
1729 3486 1850 3535 Dey’s
1867 3485 1977 3535 guilt.

335 3538 350 3560 ⁴
378 3537 595 3574 Interlined
615 3537 740 3574 above
759 3539 863 3574 viris
881 3538 1094 3575 cancelled.

334 3587 348 3608 ⁵
378 3590 436 3624 ita
454 3588 666 3625 cancelled.

335 3639 352 3662 ⁶
379 3640 508 3686 igitur
532 3639 746 3677 cancelled.

335 3689 351 3714 ⁷
378 3690 447 3726 Ide
465 3691 679 3727 cancelled.

335 3739 351 3763 Β
378 3742 541 3778 Altered
561 3741 661 3778 from
680 3742 849 3778 ecclesiis.

334 3790 349 3814 ⁹
376 3804 413 3832 se
432 3793 646 3833 cancelled.

2477 1395 2488 1418 ‚r
2480 1361 2488 1379 ,Α
2479 1334 2488 1345 r
2463 1198 2488 1307 ἅᾲιημ
2483 1176 2488 1182 .
2467 1026 2488 1163 ulan-{22²¹-
