2488 4296
276 394 395 450 105
739 372 1226 431 ALNWICK'S
1310 371 1872 429 VISITATIONS

275 534 434 579 burne
458 535 507 578 et
530 532 805 577 seruientes
828 544 958 585 suos,
984 529 1107 575 dicit
1128 529 1264 590 quod
1288 532 1516 588 tempore
1539 530 1760 589 magistri
1791 530 2079 589 premortui,
2103 529 2322 591 quodam

276 597 360 642 die
383 597 447 641 de
470 609 570 656 quo
595 609 695 640 non
732 593 920 648 recolit,
947 594 1039 638 iste
1075 593 1262 638 iuratus
1296 607 1394 638 vna
1428 606 1544 638 cnm
1584 593 1800 638 Ricardo
1841 592 2064 653 Pyryelle
2101 593 2324 638 obuiauit

275 659 468 704 cuidam
496 658 719 703 Roberto
744 656 977 709 Wodale,
997 656 1233 701 seruienti
1257 656 1447 701 domini
1471 655 1684 701 Walteri
1711 656 1992 712 Muskham,
2018 670 2177 715 nuper
2200 656 2323 702 socii

277 722 489 780 collegii,
521 722 619 766 iarn
654 720 849 775 mortui,
890 720 974 780 qui
1014 719 1233 778 portauit
1267 719 1433 778 capud
1469 722 1519 764 et
1555 719 1802 778 posterius
1837 720 2142 780 quarterium
2181 720 2325 765 vnius

278 785 486 844 porcelli
523 787 572 829 et
606 797 757 828 vnum
793 781 1036 827 ferculum
1074 783 1298 827 carnium
1337 782 1680 828 victulinarum
1709 786 2018 838 assatarum;
2055 785 2104 828 et
2127 783 2326 828 istemet

275 849 609 905 interrogatus
632 846 848 899 quesiuit
870 861 899 890 a
923 845 1060 890 dicto
1097 845 1321 891 Roberto
1355 859 1455 907 quo
1489 849 1712 905 portaret
1746 846 1881 891 dicta
1914 845 2115 901 fercula,
2141 849 2191 892 et
2224 860 2322 891 res·

276 911 455 970 pondit
478 909 615 971 quod
638 909 702 955 ad
726 909 932 954 domum
954 907 1237 964 Redburne,
1257 908 1394 969 quod
1417 908 1607 954 ibidem
1631 923 1744 954 curn
1762 923 1914 954 vxore
1939 923 2026 954 sua
2048 910 2323 968 proposuit,

275 978 327 1019 vt
351 974 488 1028 dixit,
507 987 700 1019 cenare.
772 972 838 1017 Et
862 971 984 1017 dicit
1007 971 1144 1032 quod
1167 971 1297 1017 infra
1318 973 1440 1017 istos
1463 972 1566 1032 xiiij
1594 971 1702 1017 dies
1729 972 1938 1027 Helena,
1958 973 2179 1018 seruiens
2204 972 2325 1018 dicti

278 1037 564 1091 Redburne,
588 1036 836 1081 intimauit
858 1036 938 1079 isti
962 1035 1123 1080 iurato
1150 1034 1287 1095 quod
1322 1050 1575 1095 nunquam
1609 1035 1783 1080 habuit
1805 1035 2038 1081 victualia
2059 1050 2090 1080 a
2113 1035 2325 1095 collegio

276 1100 369 1146 nisi
393 1114 483 1158 per
507 1113 682 1144 manus
706 1099 995 1144 deliberata.
1068 1098 1134 1142 Et
1157 1098 1268 1157 plus
1292 1098 1370 1143 vel
1393 1098 1535 1143 aliter
1559 1099 1718 1143 nescit
1742 1098 2011 1157 deponere,
2036 1101 2088 1143 vt
2112 1099 2246 1144 dicit.

405 1163 596 1221 Quibus
613 1162 818 1223 quidem
841 1162 1052 1207 testibus
1074 1162 1147 1207 sic
1169 1161 1464 1207 examinatis
1486 1175 1545 1207 ac
1570 1176 1743 1207 eorum
1768 1161 1915 1207 dictis
1938 1164 1988 1207 et
2011 1161 2324 1221 deposicion-

276 1227 388 1271 ibus
423 1227 474 1271 in
510 1226 708 1284 scriptis
745 1225 976 1280 redactis,
1015 1226 1404 1285 conuocatisque
1440 1239 1610 1270 coram
1646 1225 1828 1270 eodem
1866 1225 2144 1271 reuerendo
2168 1228 2323 1284 patre,

277 1290 468 1335 eisdem
506 1288 588 1334 die
626 1292 674 1334 et
710 1288 824 1334 loco
860 1288 1159 1333 iudicialiter
1195 1289 1246 1333 in
1283 1287 1465 1333 eodem
1490 1289 1703 1346 negocio
1727 1288 1936 1334 sedente
1959 1302 2051 1347 pro
2074 1289 2323 1345 tribunali,

276 1354 514 1411 magistro
554 1355 604 1398 et
640 1353 789 1397 sociis
827 1349 1105 1410 predictis‚1
1144 1353 1324 1396 vocato
1364 1352 1523 1397 eciam
1563 1355 1613 1397 et
1651 1355 1885 1410 presente
1921 1351 2059 1397 dicto
2097 1351 2326 1412 Johanne

279 1416 563 1472 Redburne,
589 1415 725 1461 idem
749 1414 1055 1460 reuerendus
1078 1417 1221 1474 pater
1245 1414 1381 1460 dicta
1404 1417 1454 1460 et
1488 1414 1839 1474 deposiciones
1872 1415 2074 1460 testium
2108 1415 2326 1475 predict-

276 1493 418 1525 orum
454 1480 505 1524 in
545 1479 807 1538 presencia
846 1477 968 1523 dicti
1007 1476 1248 1539 Johannis
1291 1477 1562 1524 Redburne
1601 1478 1877 1537 publicauit
1911 1481 1960 1523 et
1994 1492 2053 1523 ea
2082 1479 2133 1523 in
2157 1479 2326 1538 lingua

275 1543 465 1601 vulgari
499 1542 700 1601 publice
734 1542 856 1600 legit
890 1544 940 1586 et
972 1541 1071 1599 legi
1105 1540 1260 1597 fecit;
1298 1544 1347 1587 et
1381 1541 1563 1587 exinde
1597 1542 1751 1600 peciit
1773 1556 1802 1587 a
1826 1541 1963 1587 dicto
1989 1541 2260 1588 Redburne
2285 1543 2325 1588 si

275 1606 396 1667 quid
421 1606 604 1651 habeat
629 1605 981 1664 excipiendum
1004 1604 1084 1650 vel
1107 1604 1495 1664 proponendum
1523 1608 1698 1651 contra
1730 1605 1946 1666 aliquem
1980 1606 2181 1651 testium
2214 1620 2324 1665 pre-

276 1669 525 1715 dictorum
561 1672 645 1714 aut
684 1669 820 1714 dicta
855 1668 934 1714 vel
971 1668 1324 1727 deposiciones
1361 1683 1533 1714 eorum
1569 1668 1648 1714 vel
1685 1683 1857 1714 eorum
1900 1668 2121 1715 alicuius.
2191 1669 2327 1715 Dicit

274 1733 383 1792 ipse
426 1732 696 1778 Redburne
736 1732 886 1793 quod,
928 1735 1169 1792 quantum
1207 1731 1290 1777 ad²
1327 1734 1482 1777 testes
1514 1731 1790 1791 productos
1822 1734 1998 1778 contra
2032 1747 2144 1778 eum
2178 1747 2326 1792 super

275 1795 631 1842 diffamacione
650 1795 848 1854 collegii
866 1795 946 1840 vel
969 1795 1175 1840 alicuius
1199 1795 1462 1853 singularis
1480 1810 1695 1854 persone
1719 1795 1958 1851 eiusdem,
1979 1795 2150 1842 nichil⁸
2173 1795 2326 1842 habet

276 1859 561 1914 dicendum,
588 1858 975 1918 proponendum
999 1858 1078 1904 vel
1112 1859 1467 1918 excipiendum
1490 1862 1665 1904 contra
1689 1874 1776 1904 eos
1799 1859 1879 1904 vel
1914 1873 2086 1904 eorum
2107 1859 2326 1921 aliquem

274 1926 359 1968 aut
398 1937 571 1968 eorum
612 1922 760 1978 dicta,
803 1925 1017 1981 excepto
1057 1922 1315 1967 Willelmo
1358 1922 1671 1977 Puttenham,
1714 1922 1867 1968 fratre
1907 1922 2092 1968 carnali
2133 1922 2324 1968 domini

274 1986 515 2047 Johannis
557 1986 871 2040 Puttenham,
911 1986 1033 2031 socii
1071 1985 1193 2031 dicti
1230 1985 1442 2044 collegii,
1481 1986 1566 2046 qui
1602 1986 1892 2045 principalis
1929 1989 2222 2045 prosecutor
2251 1989 2326 2031 est

275 2050 498 2095 omnium
534 2050 743 2095 istorum
783 2052 958 2094 contra
997 2049 1161 2107 ipsum
1209 2049 1494 2105 Redburne,
1533 2064 1625 2108 pro
1670 2063 1770 2110 quo
1815 2049 1938 2095 dicit
1982 2049 2120 2111 quod
2163 2050 2326 2095 credit

275 2113 493 2159 eundem
541 2112 850 2158 Willelmum
905 2111 1160 2157 crudelius⁴
1209 2111 1466 2171 deponere
1510 2116 1686 2158 contra
1730 2113 1892 2172 ipsum
1942 2113 2213 2159 Redburne
2257 2113 2325 2159 ob

275 2175 501 2222 fauorem
527 2176 648 2222 dicti
673 2176 863 2221 domini
887 2175 1128 2236 Johannis
1152 2174 1319 2221 fratris
1341 2176 1427 2228 sui,
1454 2178 1506 2220 vt
1539 2176 1798 2222 meliorem
1832 2176 2016 2222 habeat
2049 2177 2322 2233 victoriam,

276 2242 325 2285 et
366 2240 525 2285 eciam
563 2240 764 2285 racione
804 2239 1183 2284 inimiciciarum
1223 2253 1286 2284 ex
1323 2239 1530 2299 antiquo
1569 2240 1698 2285 inter
1737 2240 1900 2299 ipsum
1939 2239 2250 2285 Willelmum
2275 2243 2325 2286 et

275 2303 439 2362 ipsum
466 2302 738 2348 Redburne
762 2305 983 2348 ortarum
1007 2305 1056 2347 et
1080 2302 1493 2358 continuatarum,
1519 2317 1612 2361 pro
1636 2317 1697 2348 eo
1721 2303 1857 2363 quod
1891 2302 2026 2349 idem
2053 2303 2325 2349 Redburne

274 2366 427 2425 peciit
459 2381 489 2411 a
525 2365 680 2411 dicto⁵
713 2365 972 2411 Willelmo
996 2365 1362 2411 resolucionem
1395 2367 1720 2424 pecuniarum
1743 2380 1866 2427 quas
1890 2366 2025 2411 idem
2052 2366 2325 2412 Redburne

275 2429 439 2475 eidem
477 2428 735 2474 Willelmo
772 2428 964 2474 dudum
1003 2428 1355 2475 accomodauit
1394 2443 1488 2475 nec
1525 2432 1723 2488 poterat
1759 2444 1842 2475 eas
1879 2429 2080 2485 habere,
2120 2432 2170 2475 et
2206 2429 2324 2475 ideo

275 2492 487 2538 diuersis
519 2493 713 2538 vicibus
745 2492 811 2537 ad
845 2492 998 2538 verba
1032 2492 1334 2538 contumelie
1368 2495 1737 2552 proruperunt;
1775 2495 1824 2538 et
1847 2495 2060 2552 excepta
2082 2492 2322 2554 Johanna,

273 2569 427 2602 vxore
451 2556 676 2601 eiusdem
699 2555 955 2611 Willelmi,
981 2556 1141 2602 eciam
1165 2559 1292 2601 teste
1315 2556 1562 2615 producta
1585 2559 1635 2601 et
1658 2556 1952 2612 examinata,
1978 2560 2152 2602 contra
2174 2571 2324 2617 quam

274 2620 473 2679 excipit,
516 2619 690 2665 dicens
734 2619 884 2679 ipsam
931 2620 1003 2665 sic
1047 2622 1223 2665 contra
1267 2634 1381 2665 eum
1426 2619 1720 2679 deposuisse
1763 2623 1816 2665 vt
1853 2619 2007 2666 frater
2047 2621 2210 2665 mariti
2250 2620 2324 2665 sui

275 2683 525 2742 optineret
560 2683 835 2739 victoriam,
861 2686 911 2728 et
946 2683 1149 2728 racione
1185 2683 1565 2728 inimiciciarum
1604 2683 1734 2729 inter
1771 2683 1962 2729 dictum
1999 2683 2322 2739 Willelmum,

274 2747 506 2791 maritum
539 2761 696 2801 suum,
723 2749 772 2792 et
805 2747 970 2805 ipsum
1007 2746 1279 2792 Redburne
1313 2747 1579 2792 occasione
1614 2747 1912 2806 supradicta.
1985 2746 2051 2792 Et
2084 2750 2324 2808 quantum

272 2809 339 2855 ad
363 2810 763 2855 subtraccionem
797 2809 876 2855 vel
910 2811 1356 2869 consumpcionem
1391 2810 1692 2855 cibariorum
1727 2810 1939 2870 collegii,
1965 2811 2091 2870 petit
2123 2825 2153 2856 a
2187 2810 2324 2856 dicto

274 2873 554 2918 reuerendo
577 2876 720 2932 patre
742 2875 794 2918 vt
817 2872 1006 2932 posset⁶
1027 2886 1242 2932 purgare
1267 2888 1320 2919 se
1344 2888 1493 2932 super
1517 2873 1615 2919 hoc
1639 2887 1753 2919 cum
1787 2873 2039 2920 officiariis
2072 2876 2123 2920 et
2157 2874 2323 2919 minis-

272 2937 362 2981 tris
407 2936 604 2995 collegii
649 2937 733 2997 qui
760 2936 969 2982 habent
1013 2937 1294 2982 custodiam
1339 2936 1625 2982 huiusmodi
1668 2937 1970 2993 victualium,
2018 2940 2068 2983 et
2111 2951 2324 2998 quorum

275 2999 461 3044 nullam
497 2999 650 3045 habet
686 3001 794 3059 ipse
830 2999 1125 3056 custodiam,
1163 3000 1400 3046 videlicet
1436 3014 1550 3045 cum
1586 3014 1724 3055 coco,
1763 3002 2015 3060 pincerna,
2052 3001 2241 3060 pistore
2275 3004 2324 3047 et

274 3062 566 3108 brasiatore⁷
590 3062 711 3108 dicti
735 3063 948 3122 collegii.
1019 3063 1086 3109 Et
1108 3063 1174 3109 ad
1197 3063 1377 3109 clarius
1400 3062 1770 3110 ostendendum
1805 3067 1855 3110 et
1888 3064 2323 3123 comprobandum

275 3126 624 3172 innocenciam
661 3141 801 3171 suam
838 3130 887 3172 et
922 3126 1217 3173 fidelitatem
1252 3127 1303 3172 in
1341 3127 1437 3173 hac
1472 3129 1627 3186 parte,
1654 3127 1807 3186 peciit
1829 3142 1858 3173 a
1881 3127 2019 3173 dicto
2044 3127 2324 3174 reuerendo

274 3192 416 3248 patre
460 3192 512 3234 vt
558 3193 728 3248 posset
773 3189 1054 3248 producere
1098 3205 1268 3236 coram
1313 3190 1495 3236 eodem
1539 3190 1819 3236 reuerendo
1858 3194 1999 3250 patre
2038 3192 2324 3250 prouisores

273 3252 560 3298 victualium
597 3253 647 3296 in
683 3252 799 3298 villa
836 3255 900 3299 de
949 3254 1333 3314 Foderynghey,
1371 3268 1400 3299 a
1436 3254 1618 3314 quibus
1654 3254 1773 3299 emit
1809 3268 2005 3312 panem,
2044 3255 2321 3311 ceruisiam‚

375 3363 387 3387 ¹
414 3370 562 3411 excepto
584 3371 802 3413 presentare
822 3365 1040 3404 cancelled.

373 3414 391 3438 2
414 3415 575 3464 dzffama
601 3415 819 3454 cancelled.

373 3465 388 3489 ³
413 3468 457 3503 di
480 3466 699 3504 cancelled.

373 3516 390 3540 ⁴
418 3516 640 3554 Interlined
658 3518 783 3555 above
800 3519 1061 3566 fauorabilius
1078 3520 1295 3558 cancelled.

373 3567 389 3591 ⁶
414 3567 620 3605 Redburne
645 3568 863 3608 cancelled.

374 3617 390 3643 ⁸
417 3620 492 3657 Sic.

374 3670 389 3697 ⁷
415 3676 452 3707 ct
475 3669 528 3707 ad
551 3669 769 3709 cancelled.

372 3748 385 3772 ²
415 3749 494 3786 She
517 3761 650 3786 meant
670 3749 758 3786 that
777 3751 847 3787 she
865 3750 944 3788 had
965 3751 1072 3789 them
1093 3752 1213 3800 given
1232 3752 1303 3790 her
1321 3753 1360 3790 in
1382 3752 1495 3790 small
1514 3753 1732 3803 quantities
1749 3753 1810 3790 for
1827 3753 1898 3795 her
1917 3766 2001 3794 own
2018 3755 2294 3808 consumption
2310 3767 2319 3796 ς

270 3799 323 3839 all
343 3799 413 3839 she
431 3799 511 3838 had
531 3800 601 3838 she
619 3800 735 3838 could
754 3801 848 3839 take
867 3814 977 3855 away
995 3803 1034 3839 in
1053 3802 1124 3840 her
1142 3803 1281 3844 hands.
