2476 4412
230 419 306 459 21
675 392 1159 455 ALNWICK'S
1241 389 1806 451 VISITATIONS

355 557 481 602 Item
535 554 656 600 dicit
701 554 764 600 de
810 566 960 612 parca
1005 549 1375 596 ministracione
1420 549 1723 595 cibariorum
1767 562 1860 608 pro
1904 548 2164 596 monachis
2206 549 2258 596 in

226 620 490 667 refectorio
514 621 563 664 et
586 617 852 662 infirmaria
876 618 926 661 vt
950 629 1111 674 supra,
1137 615 1187 658 in
1210 615 1403 658 tantum
1426 611 1563 673 quod
1586 614 1702 670 post
1725 625 1898 657 eorum
1921 611 2259 660 refeccionem

227 683 380 729 nichil
402 683 624 727 remanet
645 680 711 725 ad
733 679 919 724 victum
942 677 1272 724 seruiencium
1296 689 1497 721 suorum
1520 689 1615 721 nec
1638 674 1703 720 ad
1727 675 2064 733 elemosinam,
2085 678 2136 722 et
2158 676 2258 723 hoc

224 747 276 792 in
299 744 500 791 defectu
524 744 751 789 Bartone.

354 808 481 853 Item
504 806 625 852 dicit
646 804 783 867 quod
807 805 1024 850 Bartone
1048 802 1184 849 omni
1207 803 1355 848 nocte
1378 801 1508 847 iacet
1531 801 1582 846 in
1605 799 1876 846 infirmaria
1898 801 2087 864 absque
2110 817 2260 849 causa

225 871 455 930 legitima.
1543 928 1551 936 ι
1855 928 1864 936 ·
2073 929 2082 937 .

355 933 480 978 Item
504 931 626 978 dicit
648 930 784 993 quod
806 930 1147 976 iniuncciones
1173 929 1305 975 facte
1342 942 1431 988 per
1467 927 1692 973 vltimum
1730 927 1990 974 dommum
2028 929 2257 976 Lincoln-

226 997 413 1042 iensem
435 997 486 1041 in
508 995 797 1041 visitacione
832 1007 920 1039 sua
955 1007 1056 1039 non
1091 993 1420 1039 obseruantur
1455 991 1506 1037 in
1541 991 1709 1053 aliquo
1746 1005 1840 1037 nec
1876 991 2177 1039 exhibentur
2209 993 2261 1039 in

225 1058 454 1119 capitulo.
2201 1070 2205 1074 ’

354 1122 479 1167 Item
503 1121 625 1167 dicit
648 1119 783 1181 quod
806 1134 896 1179 per
918 1119 1160 1166 incuriam
1186 1122 1235 1165 et
1268 1117 1603 1177 improuidam
1637 1117 2063 1178 gubernacionem
2095 1119 2263 1167 fratris

224 1184 462 1230 Willelmi
487 1183 769 1244 Croylande
793 1186 841 1228 et
864 1183 1073 1228 aliorum
1097 1183 1181 1243 qui
1212 1183 1354 1242 plura
1377 1181 1541 1228 officia
1563 1185 1711 1228 antea
1735 1186 2044 1242 occuparunt
2065 1197 2261 1230 monas·-

222 1247 397 1293 terium
441 1247 581 1307 graui
622 1260 705 1291 ere
743 1245 906 1291 alieno
945 1249 1180 1292 oneratur
1210 1263 1219 1294 :
1270 1245 1396 1304 petit
1439 1245 1588 1304 igitur
1628 1248 1680 1290 vt
1725 1245 1978 1292 dominus1
2018 1247 2263 1293 discuciat

222 1309 476 1372 quomodo
498 1312 596 1355 stat
619 1323 732 1355 cum
755 1310 1056 1354 monasterio
1079 1310 1130 1354 in
1155 1309 1253 1354 hoc
1277 1323 1406 1354 casu.

352 1372 468 1434 [Fo.
494 1386 521 1432 3
526 1371 598 1433 5.]
649 1372 775 1418 Item
794 1371 933 1417 dieit²
954 1373 1172 1418 Bartone
1196 1371 1575 1418 subcellerarius
1598 1372 1734 1418 omni
1758 1372 1842 1419 die
1863 1374 2037 1420 tribuit
2059 1372 2259 1420 cuidam

222 1436 499 1497 Graystoke
522 1436 587 1481 de
611 1434 872 1495 Bardenay
896 1435 1083 1481 cibaria
1120 1435 1185 1481 de
1220 1436 1366 1481 bonis
1402 1436 1688 1496 monasterij
1726 1437 1778 1482 in
1814 1450 1996 1497 magua
2031 1437 2257 1483 habund-

222 1500 364 1546 ancia
398 1498 635 1561 quotidie,
661 1513 774 1544 cum
809 1499 944 1544 idem
982 1498 1260 1560 Graystoke
1297 1513 1390 1545 nec
1426 1500 1489 1545 sit
1527 1499 1864 1546 corrodiarius
1903 1516 1998 1548 nec
2035 1501 2259 1547 seruiens

221 1562 476 1608 familiaris
498 1562 800 1621 monasterij.

351 1626 478 1672 Item
514 1625 635 1671 dicit
670 1624 806 1686 quod
839 1625 996 1671 abbas
1029 1625 1385 1685 impignorauit
1412 1626 1582 1686 pecias
1604 1630 1867 1686 argenteas
1891 1629 1941 1674 et
1962 1628 2058 1675 alia
2080 1628 2260 1676 iocalia

222 1689 506 1748 monasterij
545 1688 749 1734 domino
789 1689 1010 1735 Roberto
1049 1689 1252 1746 Boston,
1291 1691 1478 1736 vicario
1513 1690 1565 1736 in
1588 1690 1746 1737 choro
1777 1690 1990 1739 ecclesie
2025 1692 2256 1739 Lincoln-

222 1752 384 1809 iensis,
411 1755 473 1809 et,
497 1755 550 1797 vt
571 1751 760 1797 audiuit
794 1752 975 1806 dicere,
1000 1753 1156 1798 abbas
1179 1753 1407 1799 vendidit
1439 1754 1692 1816 quendam
1726 1755 1936 1801 boscum
1970 1757 2256 1818 monasterij

224 1817 453 1861 vocatum
493 1815 708 1875 Horsley
743 1815 822 1860 vel
857 1816 1031 1861 saltem
1067 1817 1307 1863 maiorem
1342 1820 1538 1877 partem
1574 1817 1800 1864 eiusdem
1829 1819 2020 1882 absque
2043 1821 2261 1869 sciencia

224 1878 303 1924 vel
326 1892 568 1924 consensu
592 1881 877 1924 conuentus.

354 1942 480 1987 Item
503 1941 637 1987 idem
659 1942 815 1987 abbas
837 1944 1120 1994 manumisit
1143 1943 1395 2005 quendam
1413 1946 1635 1992 natiuum
1659 1946 1946 2007 monasterij
1972 1951 2259 1994 manentem

225 2005 277 2050 in
300 2004 554 2065 Sotherey,
579 2004 643 2050 ad
666 2005 802 2066 quod
825 2021 918 2051 nec
940 2007 1006 2052 ad
1029 2009 1311 2067 proximum
1334 2011 1559 2055 mutuum
1589 2024 1678 2056 seu
1709 2009 2063 2057 vendicionem
2095 2011 2259 2059 vocati

225 2067 423 2114 fuerunt
445 2071 655 2129 quatuor
678 2070 881 2115 iuuenes
904 2070 1138 2117 monachi
1162 2071 1375 2118 diaconi.

354 2163 614 2223 Dompnus
635 2163 886 2224 Johannes
914 2166 1132 2213 Hawton
1156 2167 1279 2214 dicit
1301 2169 1439 2231 quod
1465 2169 1516 2215 in
1541 2169 1745 2217 defectu
1767 2171 2129 2219 barbitonsoris
2151 2173 2256 2235 qui-

224 2225 346 2272 libet
370 2226 643 2272 monachus
665 2229 949 2289 monasterij
976 2230 1134 2276 redet3
1157 2233 1361 2278 socium.

356 2290 480 2335 Item
504 2290 638 2336 idem
662 2290 868 2350 deponit
891 2293 1026 2354 quod
1045 2294 1108 2340 de
1125 2295 1524 2343 iniunccionibus
1547 2297 1751 2345 minime
1774 2298 2011 2346 exhibitis
2027 2302 2080 2346 vt
2101 2300 2255 2360 prius.

353 2353 479 2399 Item
533 2353 741 2412 deponit
784 2356 841 2400 de
884 2356 1230 2405 celebracione
1284 2361 1630 2420 cantariarum,
1676 2365 1730 2408 vt
1772 2363 1910 2422 prius
1955 2362 2255 2423 depositum,

223 2416 419 2475 penitus
442 2417 702 2462 subtracta.

351 2497 467 2559 (Pro
501 2535 510 2545 .
551 2533 560 2543 .
596 2499 644 2558 .)⁴
727 2500 970 2547 Dominus
1014 2503 1296 2552 Willelmus
1341 2508 1510 2555 Yorke
1554 2524 1714 2569 nuper
1759 2509 1908 2571 officij
1956 2510 2258 2572 subcellarij⁵

223 2564 493 2632 occupator
528 2563 652 2621 petit
686 2567 738 2609 vt
773 2565 1003 2612 dominus
1038 2568 1188 2614 vellet
1223 2570 1344 2618 dare
1379 2572 1475 2617 sibi
1509 2572 1773 2620 licenciam
1805 2577 1859 2619 vt
1893 2574 2069 2634 possit⁶
2089 2575 2258 2622 leuare

222 2637 469 2684 arreragia
491 2625 638 2686 officij
665 2628 736 2687 suj
762 2631 804 2673 et
826 2631 878 2674 vt
901 2630 995 2675 illis
1018 2632 1198 2692 quibus
1222 2633 1317 2679 vice
1339 2635 1479 2695 officz'j
1500 2636 1575 2681 sui
1596 2640 1659 2683 est
1681 2637 1987 2684 indebitatus⁷
2009 2653 2069 2685 ac
2092 2641 2257 2685 aretro

223 2687 387 2732 existit
409 2688 460 2732 in
483 2690 704 2747 pecuniis
727 2691 887 2737 valeat
911 2697 1214 2742 contentare.

348 2749 554 2811 (Contra
577 2753 677 2798 mul
715 2753 893 2815 [ierem
927 2757 1089 2819 apud]
1129 2759 1408 2822 Sotherey.)
1499 2763 1628 2809 Item
1662 2763 1785 2811 dicit
1818 2763 1956 2828 quod
1990 2765 2257 2813 honestum

222 2811 352 2883 foret
387 2828 477 2885 pro
512 2814 644 2860 fama
680 2821 964 2879 monaster-ij
1004 2824 1053 2867 et
1089 2825 1452 2871 monachorum
1486 2841 1579 2886 pro
1602 2830 1831 2888 tempore
1855 2830 2182 2876 existencium
2204 2830 2256 2876 in

223 2878 601 2947 mmucionibus8
622 2881 755 2939 apud
778 2882 1022 2944 Sotherey
1043 2889 1095 2930 vt
1117 2886 1286 2945 Agnes
1323 2889 1531 2946 Busshe,
1558 2892 1734 2938 mulier
1768 2893 1930 2939 soluta
1962 2908 2171 2940 manens
2203 2893 2256 2939 in

222 2952 440 2986 manerlo
479 2941 679 2999 ibidem,
720 2950 1007 2992 amoueatur
1045 2950 1263 2996 totaliter
1298 2967 1328 2997 a
1362 2953 1476 2999 loco
1511 2953 1597 3000 illo
1634 2958 1684 3001 et
1719 2957 2045 3003 substituatur
2078 2957 2256 3020 aliquis

223 3000 458 3048 honestus
480 3005 552 3049 vir
574 3007 657 3066 qui
681 3007 862 3054 habeat
885 3011 1164 3058 custodiam
1187 3013 1285 3060 loci
1308 3015 1451 3062 illius.
1523 3018 1633 3064 Fiat
1655 3019 1921 3067 iniunccio.

348 3066 462 3124 (Pro
485 3069 613 3138 vasis
635 3070 686 3114 in
710 3070 1014 3135 refectorio.)
1083 3076 1211 3122 Item
1234 3080 1360 3137 petit
1382 3083 1434 3125 vt
1456 3080 1634 3142 aliquis
1670 3082 1735 3129 de
1771 3084 1986 3146 coquina
2021 3086 2255 3131 oneretur

221 3141 334 3173 cum
367 3130 592 3176 custod1a
624 3146 853 3192 vasorum
886 3136 1163 3196 ligneorum
1196 3143 1562 3200 pertinencium
1595 3145 1864 3197 refectorio
1889 3150 1939 3194 et
1960 3150 2013 3194 vt
2041 3162 2101 3195 ea
2121 3148 2256 3195 lauet

221 3193 271 3235 et
307 3192 511 3239 mundet
545 3208 658 3240 cum
694 3211 897 3244 necesse
935 3200 1096 3248 fuerit.
1180 3204 1508 3253 Inhonestum
1548 3210 1734 3255 etenim
1773 3213 1849 3257 est
1887 3213 1940 3257 vt
1977 3211 2256 3259 monachus

323 3302 335 3325 ¹
364 3308 398 3339 st
414 3305 625 3343 cancelled.

323 3354 338 3377 2
365 3353 428 3391 Sic
446 3368 459 3391 :
486 3355 584 3403 quod
600 3357 780 3398 omitted.

320 3403 336 3427 3
363 3405 429 3442 Sic
446 3418 460 3441 :
487 3406 547 3443 for
562 3407 682 3446 radit.

220 3455 338 3555 begh:
357 3454 670 3556 sshleegzregi'lirnal
695 3467 819 3508 notes,
837 3463 963 3503 which
991 3466 1090 3507 have
1117 3468 1176 3508 for
1201 3484 1311 3511 some
1337 3485 1423 3524 way
1442 3475 1542 3514 back
1571 3475 1670 3514 been
1699 3477 1939 3517 obliterated
1956 3491 2001 3517 or
2013 3486 2109 3518 torn
2127 3491 2254 3531 away,

321 3556 336 3580 ⁵
362 3557 438 3594 Sic.

320 3606 337 3631 ⁶
361 3614 571 3648 contentam
589 3613 804 3652 cancelled.

319 3658 334 3683 ⁷
359 3659 508 3697 ludebal
524 3661 600 3699 and
619 3663 724 3701 debet
741 3667 939 3707 cancelled
958 3671 1128 3711 beneath
1148 3675 1457 3718 interlineation.

319 3708 336 3733 ⁸
361 3711 396 3748 il
410 3711 629 3752 cancelled.

322 3796 336 3823 ¹
362 3799 432 3840 Le.
450 3801 492 3839 of
516 3802 636 3852 plate-
