2488 4296
327 373 440 436 123
783 356 1270 418 ALNWICK'S
1353 356 1916 419 VISITATIONS

457 519 575 565 Non
597 518 733 564 venit
756 517 820 564 ad
845 517 1055 564 chorum
1079 517 1144 563 de
1167 517 1250 563 die
1275 532 1368 563 nec
1392 517 1456 564 de
1480 520 1628 564 nocte
1652 517 1917 564 dominicis
1940 520 2025 564 aut
2041 517 2150 564 aliis
2167 517 2372 564 festinis.

458 600 574 646 Sola
597 614 708 646 cum
733 599 939 645 domino
967 599 1190 646 Henrico
1215 600 1315 645 exit
1339 600 1404 645 ad
1427 600 1778 659 autumpnalia,
1802 600 1886 646 ille
1919 599 2157 646 metendo
2191 614 2379 647 messes

332 667 382 711 et
403 664 486 710 illa
508 662 743 710 faciendo
766 663 1015 722 ligaturas,
1043 665 1084 708 et
1102 662 1192 709 illa
1216 663 1488 724 equitando
1511 667 1627 723 post
1650 678 1761 710 eum
1787 678 1898 711 sero
1922 664 1972 709 in
1997 663 2179 710 eodem
2202 677 2346 725 equo.

460 746 622 792 Nimis
645 745 901 791 familiaris
926 748 1000 792 est
1023 760 1137 791 cum
1161 759 1222 792 eo
1247 748 1296 792 et
1318 745 1412 792 fuit
1434 747 1558 792 citra
1581 746 1824 806 predicta.

398 867 406 873 .
460 827 731 876 Confidens
756 828 819 875 de
843 828 1155 875 discrecione
1178 843 1267 875 sua
1288 832 1481 875 ceteras
1505 843 1702 876 sorores
1724 844 1836 875 suas
1859 829 2135 889 vilipendit.

461 912 578 958 Non
601 912 786 971 patitur
809 911 1063 958 Chesham
1085 912 1508 958 cothesaurariam
1538 927 1676 978 suam
1711 912 1899 958 habere
1934 912 2173 958 noticiam
2208 926 2378 972 recep-

333 976 534 1022 cionum
557 979 641 1021 aut
663 974 988 1022 solucionum.

461 1057 745 1104 Seruientes
769 1072 870 1104 non
894 1057 1039 1103 simul
1063 1057 1152 1104 sed
1176 1059 1386 1117 sparsim
1409 1058 1615 1104 veniunt
1636 1057 1702 1104 ad
1725 1056 2048 1104 refecciones.

462 1140 715 1187 Chesham
751 1154 852 1186 non
888 1141 1024 1186 venit
1059 1139 1125 1186 ad
1161 1140 1369 1186 chorum
1406 1140 1471 1187 de
1507 1143 1669 1187 nocte.
1738 1141 1952 1187 Obiecto
1977 1141 2070 1187 sibi
2095 1140 2379 1187 huiusmodi

335 1204 557 1259 articulo,
583 1203 706 1250 dicit
729 1203 865 1265 quod
889 1204 1126 1263 priorissa
1147 1205 1419 1263 assignauit
1441 1218 1552 1251 eam
1575 1204 1641 1251 ad
1663 1204 1983 1251 seruiendum
2000 1204 2158 1250 tribus
2181 1204 2383 1251 senibus

334 1267 634 1314 monialibus
656 1268 706 1313 in
731 1266 1013 1324 infirmaria,
1039 1282 1137 1329 que
1160 1268 1325 1314 iacent
1347 1268 1537 1314 ibidem
1560 1269 1696 1314 omni
1721 1271 1882 1323 nocte,
1908 1271 1958 1314 et
1991 1283 2104 1314 cum
2141 1269 2212 1314 eis
2235 1268 2382 1314 simili

334 1330 524 1387 modo,l
548 1334 598 1377 et
620 1331 691 1377 eis
715 1331 867 1377 seruit
891 1331 974 1377 die
997 1332 1063 1377 et²
1086 1335 1234 1377 nocte
1257 1331 1473 1378 lauando
1492 1334 1541 1378 et
1558 1334 1727 1378 cetera
1743 1331 1977 1378 faciendo
2000 1335 2052 1378 vt
2074 1331 2201 1378 laica
2222 1348 2232 1378 ε
2256 1332 2382 1391 petit

333 1396 482 1455 igitur
517 1398 570 1441 vt
605 1394 891 1441 restituatur
930 1395 1227 1441 dormitorio
1263 1398 1313 1441 et
1349 1395 1506 1442 choro
1540 1399 1590 1442 et
1622 1395 1731 1441 aliis
1753 1395 2073 1455 regularibus,
2145 1395 2382 1442 Libenter

333 1459 437 1505 vult
460 1458 784 1519 supet-uidere
807 1462 859 1504 vt
883 1458 1093 1505 honeste
1117 1459 1359 1505 seruiatur
1383 1459 1447 1505 eis
1468 1459 1526 1505 de
1548 1459 1638 1505 die.

461 1542 613 1602 Agnes
666 1541 915 1587 Poutrelle
969 1544 1019 1587 et
1077 1541 1290 1587 Isabella
1342 1541 1574 1603 Jurdane,
1631 1542 1946 1588 nominantes
2003 1556 2056 1587 se
2111 1540 2383 1601 discipulas

335 1606 586 1665 priorisse,
633 1608 748 1650 sunt
791 1619 852 1651 eo
899 1620 1047 1651 causa
1091 1605 1343 1651 discordie
1382 1606 1512 1652 inter
1551 1607 1711 1666 ipsam
1750 1607 1801 1651 et
1839 1619 2050 1662 sorores,
2091 1606 2207 1666 quia
2245 1604 2382 1667 quod

335 1669 542 1715 audiunt
582 1671 631 1715 et
672 1668 845 1715 vident
884 1670 935 1714 in
974 1669 1273 1714 monialibus
1309 1670 1476 1715 statim
1515 1669 1736 1716 referunt
1774 1669 2024 1728 priorisse.
2092 1668 2384 1728 Comparuit

335 1732 577 1794 vterque,³
599 1735 649 1779 et
682 1733 883 1779 obiecto
918 1733 988 1778 eis
1024 1733 1234 1779 articulo
1270 1736 1454 1792 negant
1489 1733 1627 1779 illum
1663 1736 1713 1779 et
1748 1733 1916 1779 omnia
1955 1733 2006 1778 in
2045 1746 2107 1778 eo
2146 1734 2384 1778 contenta

337 1810 600 1856 expresse;
635 1796 768 1843 vnde
813 1800 1150 1856 purgauerunt
1193 1811 1247 1842 se
1291 1797 1409 1842 solis
1454 1797 1715 1843 manibus:
1756 1798 1938 1853 tamen,
1985 1811 2047 1842 ne
2091 1811 2241 1856 super
2285 1796 2381 1842 hiis

336 1860 614 1906 habeantur
638 1863 869 1920 suspecte
891 1861 1092 1906 inantea
1114 1863 1198 1905 aut
1221 1861 1271 1905 in
1295 1859 1389 1906 hiis
1414 1860 1718 1922 delinquant,
1755 1861 1934 1906 iurauit
1970 1874 2139 1906 earum
2175 1862 2383 1922 vtraque

334 1923 400 1970 ad
423 1926 595 1970 sancta
620 1924 715 1970 Dei
739 1923 997 1983 euangelia
1019 1923 1156 1985 quod
1180 1923 1415 1970 decetero
1439 1925 1593 1970 nichil
1612 1924 1675 1970 de
1694 1924 1948 1970 sororibus
1967 1924 2066 1970 suis
2089 1923 2382 1970 reuelabunt

336 1987 584 2047 priorisse,
632 1990 838 2047 propter
887 1987 1024 2059 quo—d
1080 1988 1279 2034 occasio
1335 1988 1698 2034 discordiarum
1748 1987 1827 2033 vel
1871 1987 1974 2047 odij
2021 1987 2182 2033 fomes
2212 1987 2385 2059 possit

337 2051 604 2097 ministrari
628 2052 756 2097 inter
780 2066 876 2106 eas,
902 2051 995 2096 nisi
1018 2051 1136 2097 talia
1169 2051 1267 2096 sint
1303 2066 1400 2113 que
1435 2052 1486 2097 in
1523 2051 1842 2111 dispendium
1882 2052 2109 2110 corporis
2148 2051 2382 2111 priorisse

336 2114 415 2161 vel
438 2115 645 2161 honoris
667 2113 851 2161 cedere
874 2115 1081 2174 possint

465 2198 710 2244 Dominus
728 2198 978 2244 Henricus
993 2198 1280 2258 capellanus
1293 2197 1508 2244 intendit
1525 2198 1762 2258 operibus
1779 2197 2070 2252 inhonestis,
2089 2197 2380 2244 mundando

336 2261 593 2318 stabucla,⁴
648 2264 698 2308 et
751 2262 943 2324 absque
997 2261 1195 2308 locione
1247 2262 1444 2308 accedit
1503 2262 1658 2309 altare
1713 2261 2011 2308 maculando
2067 2261 2374 2307 vestimenta

337 2325 643 2386 Comparuit,
668 2327 717 2371 et
739 2326 942 2372 obiecto
965 2326 1059 2371 sibi
1095 2325 1379 2371 huiusmodi
1412 2325 1621 2371 articulo
1657 2328 1808 2385 negat
1842 2326 2078 2371 contenta
2113 2325 2164 2370 in
2200 2323 2380 2371 eodem

337 2404 602 2449 expresse:
637 2391 806 2435 tamen
841 2390 1027 2435 iuratus
1061 2392 1136 2435 est
1169 2388 1306 2451 quod
1331 2389 1566 2435 decetero
1589 2389 1828 2451 quicquid
1850 2387 2044 2434 anteac⁴
2065 2387 2259 2434 fecerit⁵
2281 2402 2381 2433 non

335 2453 660 2513 perpetrabit.

461 2536 606 2582 Solus
628 2535 826 2582 accedit
845 2535 911 2582 ad
929 2551 1043 2582 rura
1060 2550 1175 2582 cum
1201 2536 1374 2582 Belers
1397 2534 1634 2582 metendo
1658 2534 1845 2582 messes
1867 2532 2055 2581 fenum⁴
2078 2537 2127 2581 et
2149 2533 2383 2581 faciendo

333 2602 492 2646 tassas
530 2601 581 2646 in
618 2601 787 2646 orreis.
857 2600 1022 2659 Negat
1057 2614 1292 2660 expresse
1328 2599 1750 2659 soliuagacionem
1785 2599 1836 2644 in
1873 2598 2063 2658 campis
2097 2612 2214 2644 cum
2250 2597 2385 2644 dicta

337 2663 509 2710 Belers
531 2680 541 2710 z
565 2663 749 2710 fatetur
771 2667 939 2709 tamen
957 2678 1010 2709 se
1028 2678 1143 2710 cum
1161 2664 1270 2709 aliis
1294 2666 1343 2709 et
1363 2663 1534 2709 Belers
1551 2662 1704 2709 fuisse
1722 2663 1772 2708 in
1795 2663 1951 2722 pratis
1974 2661 2191 2708 leuando
2214 2661 2385 2708 fenum

336 2730 386 2773 et
408 2727 695 2773 adiuuando
718 2729 769 2773 in
793 2727 1068 2787 pingendo⁶
1089 2728 1269 2788 garbas
1293 2726 1357 2773 ad
1380 2729 1538 2773 tassas
1561 2727 1612 2772 in
1636 2727 1804 2773 orreiS.

466 2810 740 2856 Indeuotus
765 2813 812 2855 et
847 2811 1125 2856 irreuerens
1160 2813 1235 2856 est
1272 2810 1405 2856 circa
1439 2810 1608 2866 altare,
1647 2812 1698 2855 et
1733 2809 1849 2855 mali
1886 2809 2102 2855 nominis
2136 2810 2213 2855 est
2249 2807 2385 2868 apud

338 2874 700 2934 Lughtburghe
725 2877 773 2919 et
797 2874 914 2920 alibi
937 2875 1020 2920 vbi
1046 2874 1332 2920 morabatur
1355 2891 1363 2920 :
1388 2874 1574 2919 iuratus
1598 2876 1673 2920 est
1696 2873 1833 2935 quod
1857 2873 2093 2919 decetero
2118 2872 2301 2918 deuote
2334 2874 2385 2918 et

337 2942 623 3010 reuerenter
668 2937 851 2983 habeat
896 2952 949 2984 se
989 2938 1121 2984 circa
1156 2938 1312 2983 altare
1351 2938 1399 2983 in
1440 2937 1854 2984 inclinacionibus
1893 2937 1994 2983 suis
2028 2938 2143 2996 post
2181 2938 2232 2982 et
2268 2938 2385 2982 ante

335 3016 510 3047 missas
535 3017 661 3047 suas.

464 3084 582 3130 Post
618 3084 714 3131 hee
749 3087 799 3131 et
834 3084 1234 3144 publicacionem
1270 3084 1618 3131 detectorum
1607 3099 1658 3129 1n
1682 3082 1966 3130 huiusmodi
2002 3083 2308 3138 visitacione,
2334 3085 2385 3128 et

334 3147 493 3194 eciam
530 3151 795 3210 postquam
832 3148 1064 3194 dominus
1097 3149 1351 3195 obiecerat
1384 3148 1618 3208 priorisse
1641 3150 1692 3193 et
1715 3147 1969 3194 cellerarie
1994 3146 2193 3192 diuisim
2216 3146 2385 3192 omnia

334 3211 398 3256 de
434 3212 506 3257 eis
541 3212 754 3267 detecta,
781 3215 829 3258 et
862 3213 1021 3258 eciam
1044 3215 1159 3271 post
1182 3227 1422 3272 responsa
1446 3225 1615 3257 earum
1638 3211 1704 3257 ad
1728 3210 1919 3265 eadem,
1946 3210 2178 3256 dominus
2201 3209 2384 3256 sedens

333 3274 631 3321 iudicialiter
687 3276 737 3321 in
794 3275 929 3322 dicta
976 3275 1127 3321 domo
1173 3276 1433 3335 capitulari
1478 3274 1667 3321 ibidem
1710 3275 1817 3335 xxj⁰
1863 3274 1945 3320 die
1988 3274 2204 3335 Januarij
2251 3286 2382 3332 anno

334 3338 579 3398 predicto,
627 3353 688 3385 eo
743 3339 880 3400 quod
935 3339 1172 3398 priorissa
1227 3338 1458 3386 confessa
1512 3341 1588 3384 est
1642 3338 1779 3400 quod
1834 3338 1943 3398 ipsa
1998 3338 2122 3384 citra
2177 3340 2226 3384 et
2269 3327 2384 3397 post

430 3529 442 3552 ¹
471 3529 558 3566 Sic:
586 3530 655 3566 illa
675 3542 803 3566 seems
823 3540 864 3568 to
888 3530 934 3568 be
955 3531 1139 3568 omitted.

425 3579 441 3604 ²
467 3582 505 3619 la
523 3579 743 3618 cancelled.

424 3631 439 3655 ³
467 3631 552 3669 Sic:
584 3631 643 3668 for
670 3637 843 3680 utraque.
1264 3645 1275 3665 t

423 3682 439 3705 ⁴
467 3685 542 3720 Sic.

422 3733 438 3757 ὅ
465 3733 571 3771 Solus
590 3733 809 3771 cancelled.

422 3785 437 3809 ⁶
464 3785 549 3822 Sic:
571 3784 766 3835 probably
785 3797 807 3821 a
827 3785 995 3824 mistake
1016 3785 1074 3824 for
1089 3787 1303 3838 pangendo.
