2488 4296
259 422 376 479 104
713 401 1201 460 ALNWICK'S
1284 402 1846 463 VISITATIONS

257 575 500 607 annorum
532 563 582 606 et
614 559 840 619 amplius
865 559 1022 605 libere
1046 559 1370 616 condicionis,
1397 560 1530 606 bone
1553 561 1698 616 tame,
1724 564 1865 608 testis
1888 563 2118 622 admissa,
2144 566 2302 614 iurata

256 628 307 672 et
331 624 596 684 diligenter
620 623 918 669 examinata¹
939 637 1002 668 an
1028 623 1184 669 nouit²
1206 623 1503 685 Johannem⁸
1527 624 1798 672 Redburne
1821 627 1986 689 aliqua
2009 629 2303 678 subtrahere

257 689 444 735 cibaria
488 703 517 733 a
553 686 778 745 collegio,
822 686 944 731 dicit
980 685 1129 745 plane
1167 687 1303 748 quod
1339 702 1454 734 non.
1547 689 1682 735 Dicit
1717 692 1884 736 tamen
1929 691 2066 753 quod
2111 693 2303 740 audiuit

256 751 508 814 quandam
544 750 801 796 mulierem
842 751 1143 796 seruientem
1182 751 1303 797 dicti
1348 751 1590 812 Johannis
1636 753 1907 800 Redburne
1952 755 2122 802 dicere
2165 757 2303 818 quod

256 815 522 877 Johannes,
542 828 694 860 cocus
715 813 928 872 collegii,
948 813 1040 858 fuit
1064 815 1283 873 optimus
1305 828 1458 860 cocus
1480 816 1530 860 in
1556 815 1708 862 domo
1732 818 1954 876 magistri
1978 819 2066 875 sui,
2091 822 2142 865 et
2164 821 2303 881 quod

255 877 525 940 aliquando
548 892 638 936 per
659 891 810 921 vnum
835 891 1058 922 mensem
1083 892 1183 923 non
1217 877 1310 923 fuit
1342 878 1508 940 aliqua
1541 879 1640 925 olla
1672 881 1904 940 apposita
1937 881 2002 927 ad
2035 883 2203 941 ignem
2235 884 2302 930 ad

255 942 396 988 cibos
419 939 779 1003 conquendos.⁴
846 940 913 985 Et
935 940 1079 986 aliter
1103 942 1262 987 nescit
1286 941 1554 1001 deponere.

379 1005 632 1066 Johannes
655 1003 943 1062 Wengrave
980 1004 1044 1050 de
1083 1004 1464 1065 Foderynghey,
1491 1007 1636 1052 etatis
1668 1006 1951 1053 lannorum
1989 1011 2038 1054 et
2073 1010 2298 1069 amplius,

253 1069 410 1114 libere
433 1067 745 1114 condicionis
769 1070 819 1113 et
843 1068 975 1113 bone
1009 1067 1155 1123 fame,
1181 1070 1232 1113 vt
1267 1068 1402 1124 dicit,
1428 1070 1568 1114 testis
1601 1069 1862 1126 admissus,
1887 1072 2074 1117 iuratus
2108 1075 2158 1119 et
2192 1074 2299 1120 dili-

253 1135 429 1192 genter
462 1131 728 1192 requisitus
761 1145 910 1190 super
944 1132 1199 1190 premissis
1233 1133 1624 1192 consumpcione
1659 1136 1709 1180 et
1742 1134 2090 1182 subtraccione
2123 1137 2298 1183 cibari-

253 1210 408 1250 orum,
456 1198 506 1240 et
549 1195 711 1253 primo
755 1209 819 1240 an
865 1195 1004 1240 nouit
1059 1195 1337 1255 Johannem
1395 1195 1667 1243 Redburne
1711 1199 1761 1243 et
1805 1199 2044 1259 quamdiu
2087 1200 2301 1259 ipsemet

253 1260 434 1305 mansit
457 1259 507 1303 in
535 1258 918 1319 Foderynghey,
945 1258 1067 1304 dicit
1094 1258 1231 1320 quod
1265 1260 1447 1305 mansit
1481 1260 1533 1304 in
1571 1260 1940 1322 Foderynghey
1971 1263 2036 1322 vij
2073 1265 2216 1310 annis
2251 1268 2300 1311 et

252 1322 390 1384 quod
435 1322 574 1368 nouit
618 1321 897 1382 Johannem
946 1321 1216 1367 Redburne
1261 1323 1325 1368 ab
1369 1323 1543 1369 vltimo
1588 1323 1719 1370 festo
1766 1323 2029 1371 Michaelis
2065 1330 2115 1373 et
2159 1329 2297 1375 citra.

255 1387 594 1445 Interrogatus
637 1384 756 1446 [de]
797 1386 1094 1431 victualibus
1130 1386 1395 1432 subtractis
1418 1401 1447 1432 a
1470 1387 1683 1447 collegio
1707 1402 1796 1447 per
1833 1388 2103 1436 Redburne
2126 1393 2176 1437 et
2199 1406 2299 1438 ser-

253 1451 446 1496 uientes
482 1463 612 1504 suos,
638 1448 760 1494 dicit
797 1449 933 1510 quod
970 1464 1239 1511 numquam
1275 1450 1415 1495 nouit
1450 1450 1585 1496 aliud
1623 1451 1687 1497 de
1723 1452 1833 1510 ipso
1867 1453 1960 1498 nisi
1988 1451 2296 1501 fidelitatem.
2350 1474 2354 1479 ·

252 1513 458 1559 Audiuit
492 1515 660 1559 tamen
699 1512 909 1558 Elenam
946 1512 1170 1561 eiusdem
1210 1513 1498 1560 Redburne⁴
1532 1514 1701 1560 dicere
1725 1515 1823 1562 hoc
1845 1531 1978 1562 anno
2001 1517 2299 1564 multociens

253 1577 389 1639 quod
414 1592 514 1623 non
539 1576 787 1623 habentur
810 1576 1043 1622 victualia
1066 1592 1095 1622 a
1119 1577 1271 1623 domo
1306 1578 1528 1636 magistri
1552 1578 1626 1623 sui
1650 1579 1743 1624 nisi
1769 1593 1827 1625 ea
1849 1594 1947 1641 que
1971 1580 2298 1640 deportantur

252 1657 282 1687 a
305 1641 531 1700 collegio,
559 1643 607 1686 et
631 1640 932 1702 quandoque
955 1655 1045 1700 per
1068 1655 1291 1686 mensem
1316 1655 1416 1687 non
1450 1642 1732 1701 ponebatur
1754 1642 1852 1688 olla
1874 1658 2024 1703 super
2046 1645 2214 1704 ignem
2247 1647 2298 1692 in

253 1705 406 1751 domo
447 1704 668 1763 magistri
705 1705 810 1760 sui3
849 1707 898 1749 et
935 1704 1072 1765 quod
1107 1705 1275 1760 semel,
1300 1705 1508 1751 absente
1547 1706 1785 1764 magistro
1809 1721 1899 1752 suo
1923 1722 2037 1753 curn
2060 1709 2298 1768 magistro

253 1768 465 1827 collegii,
494 1767 685 1813 audiuit
709 1767 920 1813 eandem
947 1768 1158 1813 Elenam
1190 1768 1496 1814 desiderare⁶
1518 1769 1740 1828 ipsorum
1765 1770 2031 1827 redditum,
2057 1772 2301 1819 asserens⁶

252 1832 391 1894 quod
430 1832 523 1877 nisi
561 1832 714 1878 cicius
750 1834 1117 1877 reuerterentur
1161 1832 1257 1891 ipsi
1294 1832 1431 1878 domi
1478 1833 1748 1879 existentes
1793 1838 2104 1881 morerentur
2148 1835 2296 1884 fame.

255 1895 370 1942 Plus
394 1894 516 1941 dicit
539 1909 593 1941 se
616 1895 820 1941 nescire.

382 1959 677 2017 Margareta,
735 1973 859 2004 vxor
911 1958 1136 2004 eiusdem
1179 1958 1421 2019 Johannis
1464 1959 1754 2018 Wengraue
1799 1960 1864 2007 de
1911 1961 2295 2024 Foderynghey,

252 2024 397 2070 etatis
433 2023 550 2068 xxix
584 2037 842 2078 annorum,
868 2023 1008 2068 testis
1043 2021 1274 2077 admissa,
1300 2024 1471 2078 iurata,
1497 2026 1607 2078 etc.,
1634 2023 1756 2069 dicit
1789 2039 1843 2069 se
1874 2026 2083 2072 traxisse
2107 2041 2298 2073 moram

250 2087 302 2133 in
350 2086 719 2146 Foderynghey
762 2086 827 2146 vij
874 2086 1017 2132 annis
1061 2088 1112 2132 et
1156 2086 1356 2132 nouisse
1409 2086 1679 2132 Redburne
1723 2087 1819 2132 isto
1863 2102 1996 2133 anno
2041 2091 2293 2147 preterito.

254 2151 566 2208 Interrogata
590 2149 655 2195 de
679 2149 1027 2195 subtraccione
1049 2149 1336 2195 victualium
1360 2165 1389 2196 a
1413 2150 1625 2209 collegio
1660 2164 1749 2209 per
1776 2151 2047 2197 Redburne
2071 2155 2120 2198 et
2143 2154 2295 2198 serui-

251 2217 392 2260 entes
416 2228 544 2269 suos,
570 2227 670 2274 quo
693 2213 758 2258 ad
787 2212 1158 2274 [posi]cionem
1183 2213 1280 2259 olle
1304 2227 1453 2273 super
1475 2215 1656 2272 ignem,
1682 2214 1957 2260 concordat
1980 2229 2094 2260 cum
2117 2217 2297 2262 marito

250 2293 340 2324 suo
365 2278 591 2336 superius
616 2277 910 2322 examinato.
982 2276 1293 2335 Interrogata
1315 2292 1379 2323 an
1414 2277 1618 2323 maritus
1652 2292 1767 2322 suus
1801 2277 1894 2323 fuit
1927 2292 2146 2337 presens,
2173 2279 2295 2326 dicit

248 2341 385 2404 quod
411 2355 524 2387 non.
595 2341 661 2385 Et
685 2340 807 2386 dicit
837 2339 1026 2401 [quod]
1057 2340 1139 2385 die
1175 2340 1395 2401 quodam
1428 2339 1610 2386 festiuo
1647 2341 1711 2387 de
1747 2355 1847 2402 quo
1883 2342 2296 2389 certitudinaliter

247 2420 349 2451 non
387 2404 575 2459 recolit,
615 2405 817 2449 intrauit
841 2403 977 2449 dicta
1015 2403 1174 2449 Elena
1210 2403 1416 2449 domum
1453 2404 1594 2449 istius
1629 2404 1800 2458 iurate,
1826 2405 2142 2463 presentibus
2176 2409 2297 2452 tunc

248 2469 438 2516 ibidem
473 2468 668 2526 Agnete
704 2466 960 2527 Gryffone,
996 2467 1194 2512 Thoma
1231 2465 1532 2528 Bost[one]‚
1569 2467 1796 2528 Johanne
1835 2468 1963 2513 Base
2001 2470 2050 2513 et
2089 2468 2296 2515 domino

249 2533 474 2594 Johanne
497 2532 690 2586 Tunne,
712 2530 1081 2576 commedendo
1101 2530 1165 2576 de
1183 2531 1416 2576 carnibus
1439 2530 1638 2576 bouinis
1661 2534 1702 2575 et
1725 2530 1959 2576 mutilinis
1981 2546 2105 2592 quas
2122 2531 2298 2578 habuit

245 2599 298 2654 ‚in
323 2597 527 2655 gremio,
563 2598 613 2641 et
640 2595 690 2640 in
726 2597 920 2640 tantum
955 2594 1184 2639 fetebant
1220 2594 1357 2655 quod
1392 2595 1487 2639 ista
1522 2595 1680 2639 iurata
1714 2594 2033 2650 abhorrebat,
2074 2595 2296 2654 petendo

249 2661 381 2706 vnde
406 2659 625 2704 habebat
648 2658 756 2704 illas
778 2673 955 2704 carnes
978 2673 1101 2719 quas
1125 2658 1478 2704 commedebat
1500 2656 1727 2703 fetentes
1798 2657 1906 2717 Que
1929 2657 2055 2703 dixit
2085 2658 2221 2720 quod
2245 2660 2296 2704 in

250 2723 463 2782 collegio
488 2726 536 2769 et
559 2722 683 2768 tales
706 2721 903 2767 fuerant
927 2737 1040 2767 curn
1058 2722 1238 2783 quibus
1262 2722 1571 2768 seruiebatur
1589 2721 1879 2780 presbiteris
1898 2724 1947 2767 et
1970 2722 2079 2767 aliis
2103 2722 2297 2769 clericis

249 2787 453 2840 ibidem,
479 2789 528 2832 et
552 2787 601 2831 in
626 2786 840 2831 lardaria
863 2786 972 2844 ipsa
996 2785 1170 2831 habuit
1193 2786 1410 2845 ipsomet
1434 2785 1528 2831 die.
1599 2785 1665 2830 Et
1700 2784 1797 2830 alia
1831 2786 1940 2831 vice
1975 2785 2039 2831 de
2074 2800 2172 2847 qua
2195 2801 2296 2832 non

251 2851 438 2906 recolit,
465 2850 672 2895 inuitata
707 2864 797 2908 per
833 2849 979 2895 istam
1014 2850 1224 2894 iuratam
1267 2847 1384 2910 [ad]
1427 2848 1703 2894 bibendum
1740 2848 1866 2893 dixit
1900 2849 2038 2910 quod
2068 2850 2118 2895 in
2142 2849 2296 2896 domo

251 2915 485 2973 magistre
510 2913 613 2959 sue⁴
638 2913 892 2958 habebant
916 2912 980 2958 de
1003 2913 1206 2972 optimis
1230 2913 1429 2958 cibariis
1453 2927 1550 2974 que
1574 2915 1740 2958 essent
1773 2913 1824 2957 in
1859 2912 2084 2972 collegio,
2111 2913 2175 2959 de
2198 2913 2296 2972 pis-

250 2979 326 3033 tis,
365 2978 520 3023 coctis
556 2980 605 3022 et
641 2978 829 3022 assatis.
902 2977 967 3021 Et
1003 2976 1110 3022 heri
1147 2975 1212 3022 ad
1248 2977 1578 3035 septimanam
1615 2976 1830 3035 portauit
1874 2977 1922 3021 in
1969 2977 2160 3034 gremio
2205 2990 2295 3022 suo

250 3041 414 3100 capud
452 3040 672 3100 porcelli,
697 3040 834 3101 quod
869 3040 1054 3086 cecidit
1089 3055 1118 3085 a
1155 3054 1272 3085 casu
1308 3054 1338 3085 a
1372 3040 1564 3098 gremio
1595 3053 1748 3098 parue
1772 3039 2011 3099 Johanne,
2036 3038 2137 3084 filie
2163 3038 2293 3085 Red-

251 3105 422 3160 burne,
446 3108 498 3149 vt
534 3104 755 3158 asseruit,
782 3106 831 3149 et
866 3103 1066 3149 insimul
1102 3103 1488 3149 commedebant
1522 3102 1644 3147 illud
1681 3102 1903 3158 ibidem;
1939 3105 1988 3148 et
2023 3103 2295 3149 asserendo

250 3169 451 3227 insuper
485 3167 621 3228 quod
656 3167 792 3212 dicta
825 3166 925 3212 filia
959 3168 1178 3227 portauit
1210 3167 1305 3212 tria
1328 3167 1493 3225 capita
1516 3166 1850 3225 porcellorum
1874 3168 1923 3211 et
1946 3180 2096 3210 vnum
2120 3169 2296 3225 pectus

253 3231 488 3277 multonis
511 3246 539 3276 a
563 3245 686 3276 coco
711 3231 921 3289 collegii.
993 3231 1059 3275 Et
1081 3231 1192 3290 plus
1215 3230 1294 3276 vel
1317 3231 1471 3286 aliter,
1496 3232 1548 3274 vt
1572 3229 1707 3284 dicit,
1732 3229 1892 3274 nescit
1914 3228 2184 3288 deponere.

385 3293 497 3355 [Fo.
546 3293 683 3354 13d.]
757 3294 1001 3339 Dominus
1041 3294 1294 3355 Johannes
1332 3294 1523 3347 Tunne,
1564 3292 1825 3352 presbiter,
1872 3293 2036 3338 socius
2081 3293 2294 3352 collegii,

254 3359 398 3405 etatis
420 3357 551 3417 xxvij
577 3372 820 3402 annorum
855 3361 904 3402 et
937 3358 1162 3417 amplius,
1187 3358 1343 3403 libere
1378 3356 1702 3410 condicioniS‚
1728 3359 1838 3411 etc.,
1861 3356 2002 3401 testis
2034 3356 2294 3413 admissus,

252 3424 451 3477 iuratuS,
478 3423 586 3475 etc.,
613 3422 943 3479 interrogatus
972 3421 1036 3467 de
1062 3421 1409 3467 subtraccione
1432 3419 1718 3466 victualium
1741 3433 1770 3464 a
1793 3419 2007 3477 collegio
2040 3434 2129 3479 per
2165 3419 2294 3466 Red-

353 3534 365 3556 ¹
392 3546 435 3570 su
455 3531 673 3569 cancelled.

349 3585 365 3609 2
391 3587 427 3621 si
445 3583 657 3620 interlined
677 3583 755 3620 and
776 3582 993 3621 cancelled.

350 3635 366 3659 ³
393 3634 557 3672 Altered
577 3634 677 3671 from
696 3634 895 3681 Iohannes·

352 3686 368 3710 '²
394 3688 472 3724 Sic.

349 3737 363 3760 ⁵
394 3737 535 3786 Quibus
563 3737 860 3774 attestacionibus
882 3737 1080 3786 publicatis
1112 3737 1184 3774 has
1213 3738 1312 3776 been
1344 3736 1572 3787 previously
1601 3736 1756 3774 written
1793 3734 1915 3773 below
1951 3735 2062 3775 these
2098 3735 2175 3775 last
2208 3736 2296 3774 four

249 3789 376 3827 words
394 3788 471 3825 and
489 3786 709 3832 cancelled‚
731 3788 923 3835 breaking
942 3787 1010 3824 the
1030 3788 1295 3837 straightness
1314 3789 1357 3826 of
1378 3788 1445 3827 the
1464 3788 1559 3826 line.

348 3838 364 3864 ⁶
390 3840 472 3879 Sic:
503 3838 563 3877 for
580 3838 780 3876 asserendo
798 3851 842 3876 or
859 3843 1100 3878 asserentem.
