2488 4296
289 409 410 469 155
746 384 1235 447 ALNWICKs
1319 383 1883 446 VISITATioNs

292 550 515 596 Monitus
545 548 648 609 [est
671 547 764 593 sub
788 545 944 607 pena]
974 545 1464 592 excomunicacionis
1486 545 1623 607 quod
1647 561 1747 592 non
1771 547 2080 605 improperet
2101 546 2249 592 alicui
2272 546 2338 593 de

294 613 530 659 fratribus
554 612 655 657 suis
678 611 881 656 racione
906 610 1219 655 detectorum
1242 610 1293 654 in
1317 609 1604 655 huiusmodi
1627 610 1933 655 visitacione.

423 676 501 721 De
524 689 586 720 eo
610 673 748 735 quod
771 674 978 718 interest
1001 673 1159 718 choro
1183 675 1412 732 tempore
1443 673 1728 718 diuinorum
1752 675 1828 719 set
1849 674 2070 731 vagatur,
2090 687 2185 719 nec
2207 673 2339 720 iacet

291 739 343 784 in
388 738 686 784 dormitorio
726 736 791 782 de
832 738 994 792 nocte,
1036 735 1219 795 allegat
1258 751 1312 782 se
1349 737 1592 782 interesse
1628 736 1765 782 horis
1789 736 1917 782 sicut
1947 735 2135 797 cet[eri
2171 734 2240 798 et]
2283 751 2337 782 se

291 803 455 848 iacere
479 801 715 847 continue
738 800 788 845 in
815 799 1110 845 dormitorio
1134 801 1348 859 excepto
1382 802 1611 859 tempore
1633 799 1954 858 autumpnali.

422 865 500 910 De
523 864 663 909 libris
687 862 1064 924 quampluribus
1083 862 1262 908 domus
1285 877 1375 922 per
1394 863 1613 922 priorem
1631 862 1871 919 alienatis,
1891 864 2042 922 negat
2058 862 2336 909 articulum.

422 929 501 973 De
522 927 636 973 lana
660 926 839 972 domus
862 925 998 971 filata
1020 940 1111 985 per
1133 928 1345 972 matrem
1368 926 1549 985 prioris
1576 929 1626 972 et
1658 926 1781 972 alias
1814 927 2088 985 suspectas.
2107 926 2340 973 mulieres

289 991 356 1037 ad
382 991 481 1037 hoc
504 1005 594 1050 per
617 990 837 1049 priorem
860 988 1129 1044 inductus‚¹
1152 1003 1242 1048 per
1265 1004 1388 1051 quas
1411 990 1660 1048 prioratus
1683 992 1759 1035 est
1783 988 2106 1035 diffamatus.²

422 1055 499 1099 De
539 1067 599 1099 eo
638 1052 776 1114 quod
814 1052 960 1098 vtiles
997 1053 1273 1099 seruientes
1311 1052 1491 1098 domus
1529 1053 1812 1098 abiciuntur
1845 1067 1936 1111 per
1958 1054 2262 1111 protei-uiam
2297 1056 2339 1099 et

290 1118 609 1164 attrocitatem
635 1117 805 1162 matris
828 1116 1022 1175 prioris,
1049 1118 1199 1175 negat
1221 1116 1497 1162 articulum.
1570 1116 1710 1162 Prior
1734 1115 1888 1162 habet
1920 1116 2070 1161 istum
2104 1115 2240 1162 diem
2273 1116 2339 1162 ad

290 1184 407 1227 octo
432 1180 540 1226 dies
564 1181 614 1225 in
638 1179 853 1226 ecclesia
877 1179 941 1225 de
967 1178 1270 1240 B[ugdene]
1307 1193 1476 1225 coram
1511 1179 1717 1225 domino
1749 1182 1835 1225 aut
1868 1193 1958 1225 suo
1993 1181 2338 1226 commissario

288 1243 355 1290 ad
378 1243 727 1303 recipiendum
750 1242 1013 1288 articulum
1036 1243 1087 1287 in
1111 1242 1311 1302 scriptis
1335 1245 1385 1288 et
1406 1242 1472 1288 ad
1495 1245 1664 1289 cetera
1697 1242 1930 1289 facienda
1964 1245 2014 1289 et
2047 1243 2338 1303 recipienda

288 1322 387 1369 que
413 1308 532 1352 iuris
555 1309 682 1362 sunt,
707 1306 1036 1366 presentibus
1051 1306 1281 1367 Depyng,
1306 1306 1514 1366 Thorpe
1538 1308 1587 1352 et
1615 1305 1724 1367 [me
1748 1304 2032 1367 Colstone].

422 1371 595 1417 Frater
617 1370 871 1431 Johannes
896 1370 1151 1416 Ouertone
1173 1369 1482 1415 adulteratur
1516 1384 1630 1415 cum
1666 1368 1878 1416 Matilde
1910 1383 2064 1416 vxore
2097 1369 2339 1431 Johannis

290 1433 528 1489 Derham,
569 1434 691 1479 alias
734 1433 998 1490 Plummer⁷
1038 1432 1160 1478 alias
1197 1433 1389 1489 Clerke,
1427 1435 1661 1479 manente
1694 1433 1831 1479 iuxta
1857 1433 1913 1494 ly
1943 1433 2086 1494 bryg.
2172 1433 2337 1493 Negat

285 1498 551 1544 articulum
591 1500 641 1543 et
679 1496 870 1542 indicta
893 1499 969 1542 est
993 1497 1087 1542 sibi
1112 1497 1353 1556 purgacio
1377 1511 1489 1543 cum
1514 1497 1564 1556 iij
1602 1496 1938 1542 confratribus
1971 1497 2086 1542 suis.
2156 1497 2337 1543 Postea

286 1561 521 1620 purgauit
557 1575 611 1606 se
648 1575 762 1605 cum
803 1560 951 1606 Petro
993 1560 1161 1616 Oclee‚
1198 1559 1427 1621 Johanne
1473 1559 1782 1621 Madyngley
1826 1560 2007 1620 priore,
2045 1559 2116 1606 et⁸
2150 1560 2336 1606 deinde

287 1624 534 1670 abiurauit
557 1624 745 1669 dictam
769 1624 1027 1669 mulierem
1051 1626 1101 1669 et
1123 1638 1326 1670 omnem
1349 1623 1682 1670 familiaritem
1708 1639 1822 1670 cum
1845 1624 2011 1685 aliqua
2033 1637 2250 1683 persona
2273 1623 2338 1670 de

286 1687 370 1734 illa
417 1687 583 1744 domo,
630 1689 680 1733 et
724 1687 942 1733 monitus
988 1690 1063 1733 est
1101 1687 1195 1733 sub
1234 1702 1365 1746 pena
1403 1687 1892 1734 excomunicacionis
1930 1687 2068 1748 quod
2102 1687 2338 1733 obseruet

287 1752 622 1797 iuramentum
645 1765 802 1807 suum,
827 1754 922 1797 ete.

419 1815 563 1860 Idem
600 1815 720 1860 exiit
758 1815 808 1859 in
845 1814 1098 1874 apostasia
1136 1814 1187 1859 in
1224 1814 1434 1860 seculari
1474 1814 1650 1860 habitu
1690 1829 1804 1860 cum
1843 1815 2011 1875 priore
2044 1813 2110 1860 ad
2145 1813 2336 1860 dictum

285 1877 467 1924 festum
514 1877 871 1924 Bartholomei.
945 1878 1150 1924 Fatetur
1173 1893 1227 1924 se
1263 1878 1335 1923 sic
1372 1879 1532 1924 exisse
1571 1877 1792 1924 indutus⁴
1830 1893 1928 1924 vna
1965 1880 2083 1938 toga
2122 1878 2332 1924 seculari

287 1943 465 1988 russeti
490 1941 686 1998 coloris,
711 1956 863 2002 quam
885 1941 1048 1987 induit
1069 1942 1250 1987 timore
1274 1941 1453 1988 ductus
1477 1945 1591 2001 post
1609 1942 1810 1998 exitum,
1827 1943 1944 2003 quia
1962 1941 2084 1988 dicit
2101 1956 2155 1987 se
2174 1942 2335 1988 exisse

283 2005 444 2050 solum
489 2004 698 2051 rocheto
743 2019 858 2050 cum
900 2005 1010 2050 aliis
1052 2005 1275 2051 vestibus
1318 2005 1664 2051 interrioribus
1712 2005 2035 2065 regularibus,
2141 2005 2334 2064 Quibus

286 2069 541 2128 responsis
576 2068 775 2124 auditis,
801 2068 1036 2114 dominus
1067 2068 1190 2114 dicit
1219 2083 1272 2115 se
1295 2069 1424 2115 velle
1458 2068 1739 2115 deliberare
1763 2069 1828 2114 de
1850 2069 2070 2115 vlteriori
2094 2083 2334 2128 processu

286 2135 462 2178 contra
484 2133 634 2177 istum
659 2132 914 2178 Ouertone
938 2133 1140 2178 racione
1166 2131 1563 2178 confessatorum
1587 2147 1788 2178 suorum
1811 2147 1968 2194 vsque
1991 2132 2125 2178 alias.

415 2196 607 2254 Quibus
647 2195 718 2241 sic
757 2194 1021 2255 expeditis,
1064 2195 1311 2250 dominus,
1358 2198 1611 2242 reseruata
1651 2196 1746 2242 sibi
1786 2198 2037 2256 potestate
2075 2197 2225 2256 prout
2269 2195 2334 2242 de

285 2257 423 2304 facto
447 2259 722 2304 reseruauit
745 2258 1045 2318 corrigendi,
1072 2259 1314 2318 puniendi
1339 2262 1389 2305 et
1414 2259 1721 2306 reformandi
1756 2260 1958 2306 detecta
1994 2262 2044 2305 et
2077 2261 2337 2318 comperta

281 2322 333 2366 in
356 2323 648 2368 visitacione
672 2322 958 2368 huiusmodi
982 2337 1042 2368 ac
1064 2323 1408 2369 iniuncciones
1431 2322 1664 2380 faciendi,
1693 2337 1891 2369 necnon
1920 2326 2096 2369 contra
2113 2323 2332 2382 priorem

286 2399 435 2444 super
460 2385 673 2432 detectis
696 2388 746 2431 et
769 2387 1042 2445 compertis
1064 2388 1166 2432 tarn
1190 2387 1240 2431 in
1265 2387 1360 2432 hac
1383 2387 1677 2433 visitacione
1699 2401 1850 2448 quam
1878 2386 1999 2432 alias
2032 2386 2098 2432 ad
2132 2401 2333 2432 omnem

285 2449 486 2508 penam⁵
509 2449 573 2495 de
596 2448 719 2495 iure⁶
741 2448 982 2495 inflictam
1014 2452 1063 2495 et
1098 2451 1258 2496 eciam
1290 2449 1630 2509 infligendam,
1665 2451 2011 2496 visitacionem
2046 2449 2332 2496 huiusmodi

285 2512 528 2621 gissoluit⁹
554 2513 871 2572 presentibus
903 2514 1142 2572 magistro
1173 2513 1403 2575 Johanne
1439 2514 1669 2574 Depyng,
1694 2514 1892 2560 Thoma
1925 2513 2131 2573 Thorpe
2166 2515 2217 2560 et
2251 2528 2332 2560 me

330 2576 559 2622 olstone.⁷

385 3512 398 3536 ¹
425 3513 519 3550 Sic:
547 3513 607 3550 sor
635 3514 828 3551 inductas.

385 3563 402 3587 2
429 3563 495 3600 No
514 3576 677 3601 answer.

383 3613 400 3688 Ξ
425 3616 586 3653 iuratus
601 3620 658 3653 est
674 3615 887 3653 canceued.

426 3666 503 3702 Sic.

381 3715 397 3739 ⁵
421 3719 466 3755 de
484 3717 699 3755 cancelled.

381 3766 396 3789 ⁰
421 3769 582 3818 infltg‘en
601 3768 812 3806 cancelled.

380 3817 395 3841 ⁷
423 3819 493 3856 Fo.
516 3819 606 3857 20d.
627 3832 707 3857 was
725 3819 795 3857 left
813 3819 948 3866 blank,
971 3820 1174 3858 doubtless
1192 3820 1251 3858 for
1271 3821 1337 3859 the
1355 3820 1608 3871 injunctions.

2468 236 2488 278 um*-
2470 166 2488 226 AM&
2471 138 2488 159 3*
