2488 4296
247 411 322 464 90
698 385 1187 446 ALNWICK’S
1269 382 1834 442 VISITATIONS

376 551 503 597 Item
549 548 809 594 silencium
865 560 966 592 non
1020 547 1243 591 seruatur
1298 544 1434 590 horis
1489 546 1539 589 et
1592 543 1716 589 locis
1773 543 1956 590 debitis
2012 542 2287 588 secundum

251 614 487 674 regulam.

377 678 503 723 Item
526 674 743 737 quedam
766 672 1007 719 moniales
1029 672 1336 733 aliquociens
1359 671 1548 716 habent
1581 684 1751 716 secum
1785 671 1836 716 in
1869 669 2027 716 choro
2060 672 2288 729 tempore

246 742 505 788 missarum
529 752 710 798 pueros
733 751 860 798 quos
896 736 1094 791 docent,
1121 737 1204 797 qui
1246 735 1508 794 strepitum
1548 733 1738 780 faciunt
1778 734 1828 778 in
1867 733 2023 780 choro
2063 738 2292 793 tempore

253 805 408 851 diuini
433 803 644 862 seruicij.

382 867 596 913 Domina
621 859 863 924 Muryelle
889 863 1121 919 Bretone‚
1146 862 1397 921 priorissa,
1424 860 1546 906 dicit
1577 860 1745 906 omnia
1769 860 1912 906 bene.

382 930 598 976 Domina
623 926 919 973 Elizabetha
946 926 1179 981 Huweoe,
1205 925 1422 979 sacrista,
1449 923 1571 969 dicit
1595 924 1763 969 omnia
1786 924 1928 969 bene.

383 993 598 1040 Domina
624 989 917 1036 Elizabetha
944 989 1232 1035 Haseldene
1256 988 1378 1034 dicit
1401 988 1569 1033 omnia
1592 987 1737 1033 bene.

385 1057 601 1103 Domina
626 1054 911 1113 Margareta
933 1053 1210 1113 Aylesbury
1241 1052 1364 1097 dicit
1386 1051 1555 1097 omnia
1579 1050 1723 1097 bene.

387 1120 603 1166 Domina
627 1118 788 1163 Elena
814 1116 1070 1178 Lynforde
1094 1115 1216 1161 dicit
1241 1115 1408 1160 omnia
1431 1114 1575 1160 bene.

387 1183 604 1229 Domina
626 1181 854 1243 Johanna
879 1179 1186 1226 Brascombe
1212 1178 1334 1225 dicit
1358 1179 1526 1223 omnia
1548 1178 1692 1223 bene.

387 1247 603 1293 Domina
628 1245 788 1290 Elena
812 1243 1062 1302 Cloptone
1086 1242 1209 1288 dicit
1232 1242 1400 1288 omnia
1423 1242 1566 1287 bene.

388 1310 604 1356 Domina
630 1307 898 1354 Petronilla
921 1306 1215 1365 Gauthorpe
1240 1305 1362 1351 dicit
1390 1305 1558 1350 omnia
1581 1305 1724 1351 bene.

389 1373 606 1419 Domina
627 1371 852 1433 Johanna
876 1370 1067 1416 Warde
1092 1370 1214 1415 dicit
1237 1370 1404 1414 omnia
1427 1369 1568 1414 bene.

389 1437 606 1483 Domina
630 1434 924 1480 Elizabetha
946 1434 1151 1479 Thorne
1176 1433 1297 1478 dicit
1330 1433 1499 1478 omnia
1522 1433 1662 1478 bene.

390 1501 604 1546 Domina
630 1499 762 1544 Rosa
784 1497 973 1558 Asteby
998 1497 1119 1562 dicit
1143 1496 1280 1558 quod
1317 1496 1495 1542 diebus
1531 1496 1711 1557 quibus
1748 1495 2020 1542 comedunt
2055 1497 2106 1542 in
2142 1497 2298 1544 refec-

261 1566 390 1612 torio
415 1565 465 1610 in
489 1577 635 1609 mane
659 1561 983 1608 commedunt
1006 1561 1209 1620 adipata
1237 1563 1286 1606 et
1321 1562 1503 1606 cenant
1539 1574 1652 1605 cum
1689 1560 1934 1616 carnibus,
1973 1563 2022 1606 et
2057 1560 2108 1606 in
2143 1560 2299 1607 refec-

261 1630 391 1675 torio
415 1626 738 1674 commedunt
761 1640 980 1685 capones
1005 1628 1054 1670 et
1077 1625 1173 1670 alia
1196 1624 1394 1683 bipeda.

391 1692 608 1737 Domina
650 1689 878 1751 Johanna
922 1689 1250 1747 Woughtone
1294 1688 1416 1734 dicit
1461 1686 1526 1733 de
1570 1687 1803 1734 carnibus
1840 1688 2000 1733 coctis
2035 1691 2084 1734 et
2127 1687 2303 1733 assatis

261 1755 550 1803 commestis
572 1755 623 1800 in
647 1752 914 1799 refectorio
937 1755 990 1797 vt
1013 1751 1200 1811 supra.¹·

1219 1896 1359 1953 XX.

1147 2014 1267 2076 [Fo.
1309 2013 1439 2076 122.]

267 2102 533 2148 VISITACIO
580 2112 895 2147 MONASTERIJ
942 2111 1011 2144 DE
1058 2097 1462 2153 EYNESHAM,
1509 2111 1722 2145 ORDINIS
1766 2112 1944 2146 SANCTI
1994 2101 2304 2156 BENEDICT1‚

462 2166 869 2211 LINCOLNIENSIS
903 2174 1150 2219 mocESIS,
1187 2174 1346 2208 FACTA
1380 2175 1434 2207 IN
1471 2175 1621 2209 DOMO
1666 2175 1987 2220 cApiTULAm,
2023 2176 2307 2210 VIDELICET

462 2239 788 2274 REFEcromo
821 2239 886 2271 VT
921 2238 1019 2272 PRo
1055 2238 1188 2272 Loco
1223 2238 1544 2280 CAPITULARI,
1570 2239 1767 2282 QUINTO
1802 2240 1893 2272 DIE
1929 2240 2118 2273 MENS1s
2150 2228 2304 2290 JUN1J,

460 2304 602 2338 ANNo
639 2291 843 2337 DOMINI
880 2301 1166 2345 MCCCCXLV,
1204 2302 1304 2335 PER
1339 2302 1706 2336 REUERENDUM
1744 2303 1798 2336 IN
1833 2291 2064 2338 CHRISTO
2100 2304 2306 2338 PATREM

461 2369 526 2401 ET
582 2366 850 2410 DOMINUM,
909 2365 1161 2399 DOMINUM
1218 2353 1570 2399 WILLELMUM
1626 2353 1908 2411 ALNEWYK‚
1962 2355 2065 2400 DEI
2120 2367 2311 2402 GRAclA

463 2420 901 2465 LINCOLNIENSEM
938 2428 1246 2474 EPISCOPUM,
1282 2429 1491 2463 SUARUM
1538 2429 1979 2465 CONSECRACIONIS
2024 2431 2164 2465 ANNO
2198 2426 2311 2465 ΧΙΧ0

462 2495 527 2528 ET
559 2492 962 2528 TRANSLACIONIS
1000 2486 1087 2526 1X⁰.

400 2587 457 2632 In
482 2585 667 2646 primis,
694 2584 902 2630 sedente
926 2583 1064 2629 dicto
1087 2583 1367 2629 reuerendo
1390 2586 1532 2643 patre
1556 2584 1853 2631 iudicialiter
1876 2600 1969 2645 pro
1993 2586 2226 2633 tribunali
2259 2587 2310 2633 in

271 2649 557 2696 huiusmodi
581 2663 667 2694 sue
690 2648 994 2693 visitacionis
1019 2648 1231 2706 negocio
1254 2647 1543 2694 inchoando
1568 2648 1650 2694 die
1669 2652 1718 2694 et
1741 2649 1854 2695 loco
1877 2650 2157 2706 antedictis,
2177 2665 2310 2697 com-

271 2715 539 2773 paruerunt
583 2726 754 2758 coram
799 2725 860 2757 eo
905 2711 1061 2756 abbas
1106 2713 1156 2756 et
1202 2714 1479 2757 conuentus
1526 2712 1647 2758 dicti
1703 2714 2008 2774 monasterij,
2056 2715 2215 2774 parati
2261 2717 2313 2759 vt

272 2778 503 2837 apparuit
526 2776 591 2822 ad
615 2774 931 2821 subeundum
955 2774 1143 2820 dictam
1166 2775 1511 2821 visitacionem
1536 2793 1545 2831 ;
1597 2778 1647 2822 et
1686 2775 1873 2823 deinde
1908 2778 2071 2836 primo
2111 2780 2162 2823 et
2198 2781 2314 2824 ante

272 2841 439 2886 omnia
483 2840 796 2899 propositum
839 2838 932 2884 fuit
976 2838 1202 2884 verbum²
1244 2839 1381 2884 iuxta
1424 2842 1564 2884 actus
1607 2839 1759 2885 futuri
1794 2842 2180 2899 congruenciam
2225 2856 2314 2900 per

275 2904 541 2950 honestum
563 2904 722 2948 virum
746 2903 1038 2961 magistrum
1060 2901 1309 2948 Thomam
1332 2902 1558 2962 Twyere,
1584 2903 1634 2948 in
1666 2918 1807 2949 sacra
1839 2905 2022 2964 pagina
2055 2904 2311 2960 scolarem,

279 2970 571 3029 sequentem
594 2966 693 3012 hoc
715 2966 899 3019 thema,
938 2970 947 2987 ⁶
967 2965 1238 3011 Videamus
1262 2966 1302 3011 si
1325 2964 1549 3011 floruerit
1571 2966 1746 3021 vinea‚'
1772 2967 1885 3013 etc.³
1949 2967 2060 3026 Quo
2084 2969 2134 3012 in
2158 2968 2313 3014 latino

275 3045 504 3077 sermone
528 3030 736 3075 multum
770 3030 899 3075 bene
934 3029 1069 3075 culto
1105 3028 1261 3084 finito,
1286 3029 1443 3074 abbas
1477 3029 1575 3075 loci
1613 3030 1839 3075 exhibuit
1875 3029 2080 3077 domino
2116 3031 2313 3077 titulum

279 3094 625 3140 incumbencie
650 3107 736 3139 sue
759 3095 808 3139 et
832 3095 1015 3138 statum
1038 3093 1305 3138 monasteri
1311 3093 1325 3152 j
1354 3110 1363 3148 3
1406 3095 1455 3138 et
1479 3093 1664 3138 deinde
1687 3094 1867 3139 iurauit
1891 3094 2241 3141 obedienciam
2265 3099 2315 3141 et

275 3156 567 3203 fidelitatem
591 3157 641 3202 in
666 3156 827 3202 forma
848 3159 1102 3202 consueta.
1173 3156 1239 3201 Et
1263 3155 1447 3202 deinde
1471 3156 1704 3202 dominus
1734 3158 1980 3216 processit
2012 3158 2078 3205 ad
2112 3159 2316 3220 inquisi-

278 3221 474 3267 cionem
498 3235 637 3265 suam
661 3221 1054 3279 preparatoriam
1078 3220 1170 3265 sub
1194 3219 1357 3265 forma
1384 3220 1679 3279 subscripta.

381 3332 394 3356 ¹
422 3331 498 3370 Sic.

379 3382 396 3407 2
422 3385 508 3421 Sic:
536 3382 613 3420 Dei
628 3383 808 3421 omitted.

379 3434 395 3459 ³
422 3434 539 3473 Cant.
558 3442 637 3479 vn,
660 3444 703 3470 12
724 3447 733 3471 :
763 3439 773 3455 ⁶
788 3434 1005 3473 Videamus
1024 3436 1056 3473 si
1076 3435 1206 3473 floruit
1226 3435 1375 3474 vinea’.

384 3505 398 3530 ¹
425 3505 581 3544 Silence
609 3505 685 3543 had
713 3507 812 3543 been
840 3506 1028 3555 enjoined
1057 3508 1108 3557 by
1136 3507 1368 3558 Courtenay
1393 3507 1483 3555 and,
1503 3508 1596 3546 with
1624 3508 1772 3558 spe‘cial
1798 3511 1992 3560 penalties
2018 3512 2077 3551 for
2094 3514 2252 3561 breaeh,
2269 3515 2322 3565 by

284 3558 482 3631 Flem2yng
501 3557 739 3615 (Wktyattbns
757 3565 784 3600 Ι,
805 3558 882 3606 52).
937 3557 973 3594 It
991 3558 1104 3596 takes
1122 3558 1190 3596 the
1212 3558 1294 3596 first
1315 3559 1426 3608 place
1445 3572 1592 3610 among
1610 3559 1751 3611 Gray's
1769 3562 2012 3612 injunctions
2029 3565 2132 3612 (ibid.
2153 3574 2180 3614 1,
2201 3568 2280 3614 53).

427 3609 583 3646 Abbess
601 3621 639 3645 m
665 3608 801 3655 1462-3,
821 3621 830 3644 ε
859 3621 923 3646 see
942 3617 1034 3646 note
1056 3619 1075 3655 3
1097 3622 1146 3647 on
1168 3623 1205 3650 D·
1227 3611 1276 3656 89
1295 3612 1434 3650 above.

286 3712 293 3719 .
387 3659 403 3683 ³
431 3659 821 3717 Possiblytidentical
848 3660 942 3697 with
969 3660 1085 3698 dame
1114 3653 1282 3708 Pernell,
1300 3661 1388 3700 who
1406 3671 1446 3700 at
1473 3663 1540 3701 the
1559 3663 1654 3701 time
1673 3664 1715 3702 of
1739 3663 1882 3715 Gray’s
1901 3666 2102 3706 visitation
2124 3667 2203 3706 had
2222 3669 2321 3707 been

284 3725 324 3749 m
345 3718 532 3758 anostasy
551 3710 789 3758 (stttattons
809 3720 836 3757 1,
857 3711 934 3759 54).

373 3754 399 3785 '4
424 3761 594 3820 Adipata
620 3773 684 3798 are
711 3761 778 3798 the
795 3762 993 3812 pulmenta
1022 3775 1064 3799 or
1091 3764 1324 3812 recognised
1351 3765 1545 3802 monastic
1571 3765 1705 3804 dishes
1732 3767 1847 3805 made
1865 3768 1959 3806 with
1987 3769 2085 3808 lard.
2155 3770 2307 3810 Fowler

289 3815 498 3854 Cisterczan
528 3813 709 3858 Statum,
739 3825 775 3864 p.
804 3822 868 3861 92,
899 3813 1023 3851 shews
1055 3814 1141 3851 that
1162 3815 1357 3866 pulmenta
1385 3828 1483 3854 were
1511 3816 1723 3871 originally
1749 3820 1990 3870 vegetarian‚
2017 3821 2057 3858 in
2086 3800 2324 3864 accordance
