2476 4412
251 469 325 522 29
704 441 1187 505 ALNWICK’S
1270 437 1836 499 VISITATIONS

249 607 482 665 parentes
504 619 631 660 suos,
658 606 707 649 et
733 603 864 648 Rose
886 600 970 662 qui
994 602 1070 645 est
1092 600 1142 644 in
1165 597 1293 644 fatis.
1386 597 1452 642 Et
1474 599 1593 642 tunc
1617 595 1846 654 exposita
1869 609 2019 641 causa
2040 594 2287 642 aduentus

250 669 338 725 sui,
367 668 600 714 videlicet
636 670 687 712 vt
722 666 886 710 visitet
921 663 1186 709 occasione
1222 661 1542 720 sigillacionis
1579 659 1804 704 albarum
1841 661 2088 704 cartarum
2124 659 2287 718 sigillo

251 732 515 785 communi,
536 730 673 776 cuius
692 727 918 774 custodie
936 726 1149 772 clauium
1167 739 1312 770 vnam
1338 723 1492 768 habet
1509 722 1679 777 abbas,
1700 721 1984 767 Willelmus
2001 721 2287 782 Waynflete

250 794 397 840 aliam
421 797 470 840 et
496 791 762 851 Langtofte
784 791 989 836 terciam
1010 806 1019 843 ς
1056 791 1105 833 et
1129 787 1314 833 deinde
1337 786 1516 832 amotis
1540 786 1733 839 ceteris,
1758 784 1916 830 abbas
1938 785 2124 830 iuratus
2148 785 2284 832 dicit.

379 857 512 903 Dicit
551 855 687 917 quod
726 854 878 899 habet
918 852 1237 897 medietatem
1277 849 1423 909 sigilli
1465 849 1743 894 communis
1787 851 1838 894 et
1883 863 2032 894 vnam
2076 848 2284 895 clauem.

252 919 386 966 Dicit
425 920 626 965 vlterius
668 916 803 978 quod
848 915 977 960 infra
1020 913 1324 976 quindenam
1370 912 1591 971 elapsam
1634 911 1866 957 liberauit
1909 911 2102 958 clauem
2146 927 2286 958 suam

250 982 428 1028 ceteris
447 982 641 1027 duobus
659 979 949 1026 custodibus
968 978 1096 1023 illius
1114 976 1260 1036 sigilli
1285 976 1350 1022 ad
1369 975 1687 1035 sigillandum
1703 989 1855 1020 vnum
1873 976 2284 1033 procuratorium.

254 1046 588 1104 Interrogatus
621 1059 684 1089 an
718 1056 886 1088 serura
919 1041 1071 1087 clauis
1105 1055 1192 1086 sue
1225 1039 1318 1085 fuit
1351 1040 1517 1085 statim
1551 1041 1725 1094 serata,
1759 1038 1883 1084 dicit
1917 1038 2054 1100 quod
2091 1040 2283 1096 nescit;

249 1108 408 1153 credit
430 1111 596 1153 tamen
619 1106 755 1168 quod
779 1106 851 1151 sic
877 1121 887 1150 :
922 1104 1015 1150 fuit
1036 1107 1203 1149 tamen
1227 1104 1278 1148 in
1301 1103 1622 1158 thesauraria,
1649 1101 1740 1147 sed
1763 1101 1828 1147 ad
1859 1101 1958 1147 hoc
1992 1116 2093 1148 non
2127 1103 2281 1162 respi-

248 1171 424 1216 ciebat.
515 1171 581 1216 Et
615 1169 775 1216 credit
811 1167 948 1229 quod
983 1167 1213 1213 liberauit
1250 1165 1535 1211 huiusmodi
1572 1165 1766 1211 clauem
1806 1164 1954 1219 dictis
1993 1165 2285 1212 custodibus

247 1234 375 1280 inter
396 1233 524 1279 festa
549 1232 738 1279 Mathei
763 1235 811 1278 et
837 1231 1100 1277 Michaelis
1121 1230 1304 1275 Vltima.
1398 1230 1739 1288 Interrogatus
1774 1229 1814 1273 si
1849 1229 1989 1275 nouit
2021 1244 2085 1274 an
2117 1228 2284 1291 alique

247 1296 448 1342 scedule
471 1311 624 1342 vacue
648 1310 734 1341 seu
757 1295 869 1340 albe
893 1297 1027 1339 carte
1051 1295 1148 1340 sint
1172 1293 1251 1338 vel
1274 1292 1458 1339 fuerint
1482 1292 1694 1351 sigillate
1718 1290 1881 1350 sigillo
1915 1293 2168 1338 communi
2200 1296 2286 1338 aut

246 1359 407 1418 sigillo
444 1359 592 1419 officij
632 1360 719 1416 sui,
758 1358 880 1403 dicit
914 1357 1063 1416 plane
1099 1356 1236 1418 quod
1272 1370 1387 1402 non.
1469 1355 1675 1402 Dez‘ndel
1714 1356 1884 1401 exiens
1923 1355 2196 1415 capitulum
2235 1359 2285 1403 et

244 1423 422 1468 iterum
458 1423 522 1468 ad
559 1422 725 1468 statim
761 1421 960 1467 rediens
995 1421 1046 1465 in
1082 1419 1367 1479 capitulum,
1406 1419 1529 1466 dicit
1564 1419 1702 1481 quod
1747 1418 1855 1464 heri
1892 1433 2039 1465 mane
2072 1419 2282 1474 tradidit

244 1485 436 1532 clauem
473 1500 611 1531 suam
646 1485 754 1531 aliis
791 1483 1082 1549 custodibus
1118 1483 1183 1529 ad
1222 1483 1542 1543 sigillandum
1580 1497 1732 1529 vnum
1777 1483 2187 1542 procuratorium,
2234 1487 2286 1529 et

244 1550 410 1595 statim
434 1549 801 1595 retradiderunt
825 1548 918 1593 sibi
943 1546 1150 1593 clauem.

373 1613 544 1658 Frater
567 1612 752 1657 Alanus
778 1611 1077 1672 Kyrketone,
1102 1610 1251 1670 prior,
1277 1610 1466 1655 iuratus
1488 1613 1530 1655 el
1562 1610 1895 1670 interrogatus
1929 1609 1994 1656 de
2027 1610 2283 1670 premissis

243 1674 365 1721 dicit
400 1676 534 1737 quod
573 1677 680 1735 ipse
721 1675 882 1734 primo
922 1675 1150 1733 percepit
1189 1673 1475 1719 huiusmodi
1515 1673 1718 1720 factum.
1810 1674 2151 1733 Interrogatus
2195 1674 2280 1735 qui

242 1737 441 1784 fuerunt
474 1737 815 1800 hu[iusmodi]
864 1737 1093 1794 factoreS‚
1131 1737 1253 1783 dicit
1286 1737 1423 1798 quod
1466 1736 1645 1783 fratres
1678 1737 1961 1783 Willelmus
1997 1737 2279 1797 Langtofte,

242 1801 523 1848 Willelmus
546 1801 843 1862 Waynflete,
873 1801 1122 1847 Henricus
1148 1801 1390 1847 Lincolne
1414 1803 1464 1846 et
1496 1800 1749 1862 Johannes
1777 1801 1910 1847 Hole
1933 1803 2207 1847 tractarunt
2228 1801 2280 1846 in

242 1865 460 1924 capitulo
494 1869 608 1925 post
641 1866 905 1911 matutinas
939 1879 1029 1924 per
1061 1879 1211 1910 Vnam
1245 1865 1434 1921 horam,
1460 1868 1511 1910 et
1543 1867 1663 1911 tunc
1698 1865 1799 1910 duo
1834 1879 1896 1910 ex
1927 1865 1999 1910 eis
2021 1865 2283 1924 pecierunt

240 1927 411 1985 lectos,
437 1932 486 1975 et
510 1929 610 1975 duo
632 1929 713 1989 alij
740 1930 1056 1975 accesserunt
1078 1929 1129 1973 in
1152 1928 1513 1974 thesaurariam
1537 1928 1603 1974 'et‘³
1637 1931 1955 1988 sumpserunt
1987 1931 2030 1973 et
2065 1928 2279 1974 tulerunt

242 1991 455 2050 sigillum
479 2006 755 2049 commune,
781 1995 830 2038 et
853 1991 1128 2051 sigillarunt
1161 1992 1284 2038 tales
1309 1991 1537 2037 scedulas
1570 2006 1753 2037 vacuas
1785 1992 1837 2037 in
1872 1991 2024 2037 domo
2058 1992 2279 2048 sacriste,

242 2058 291 2100 et
314 2055 502 2101 ibidem
526 2056 819 2102 dimiserunt
841 2055 1121 2114 fragmenta
1143 2068 1415 2114 pergamen
1425 2054 1513 2116 [i].
1584 2055 1651 2100 Et
1674 2055 1796 2101 dicit
1826 2055 1963 2116 quod
1988 2055 2083 2101 hec
2108 2055 2284 2101 habuit

242 2132 304 2163 ex
327 2118 483 2164 relatu
505 2119 743 2180 Johannis
769 2120 931 2179 Bracy
954 2119 1038 2180 qui
1061 2120 1186 2164 vidit
1209 2133 1297 2165 eos
1319 2119 1384 2163 sic
1407 2119 1695 2178 sigillantes.
1766 2119 1834 2164 Et
1866 2119 2042 2176 credit,
2067 2121 2120 2165 vt
2143 2119 2280 2176 dicit,

240 2181 376 2242 quod
414 2182 631 2228 Bartone
668 2186 742 2228 est
778 2183 1067 2242 principalis
1102 2185 1277 2228 auctor
1313 2182 1600 2229 huiusmodi
1636 2182 1852 2240 sceleris,
1879 2197 1939 2228 eo
1976 2182 2114 2244 quod
2149 2183 2282 2229 circa

239 2243 419 2290 festum
456 2245 829 2305 Assumpcionis
868 2246 1087 2291 Bai-tone
1125 2246 1251 2291 dixit
1289 2246 1456 2305 palam
1495 2246 1633 2307 quod
1673 2246 1939 2305 episcopus
1979 2260 2081 2292 non
2126 2245 2281 2292 habet

238 2307 388 2353 talem
411 2309 811 2356 iurisdiccionem
835 2310 883 2355 in
909 2310 1212 2355 monasterio
1236 2312 1287 2355 vt
1322 2309 1558 2369 disponat
1592 2309 1657 2355 de
1689 2310 1916 2369 pecuniis
1950 2310 2239 2370 monasterij
2268 2326 2279 2356 :

239 2371 411 2430 pocius
450 2387 756 2432 exponemus
795 2374 962 2420 omnia
1000 2388 1096 2433 que
1135 2373 1378 2419 habemus
1414 2374 1465 2418 in
1503 2373 1806 2419 monasterio
1842 2374 1894 2418 in
1930 2373 2280 2419 defensionem

238 2437 411 2480 contra
434 2449 559 2481 eum.
630 2437 695 2481 Et
719 2436 840 2483 dicit
864 2437 1001 2498 quod
1035 2437 1309 2496 sigillantes
1343 2451 1445 2483 non
1479 2437 1670 2483 habent
1702 2437 1941 2497 periciam
1975 2435 2279 2483 conficiendi

238 2500 589 2556 procuratoria.

366 2562 537 2608 Frater
572 2563 870 2610 Willelmus3
908 2563 1123 2622 Burghe,
1149 2564 1299 2624 prior,
1327 2564 1514 2610 iuratus
1551 2567 1601 2610 et
1638 2564 1973 2624 interrogatus
2010 2564 2075 2611 de
2112 2563 2278 2610 huius-

235 2623 371 2670 modi
408 2627 699 2673 tractatibus
736 2630 784 2673 et
823 2627 1130 2686 sigillacione
1165 2643 1226 2674 ac
1263 2643 1347 2674 ere
1383 2627 1578 2685 aliena‚⁴
1616 2630 1665 2674 et
1701 2628 1742 2673 si
1779 2629 2067 2689 monasterij
2095 2628 2276 2675 domus

237 2701 336 2732 non
361 2687 529 2735 debite
552 2693 855 2749 reparentur,
881 2690 1003 2736 dicit
1027 2691 1164 2752 quod
1188 2692 1343 2738 nichil
1367 2691 1547 2737 horum
1572 2691 1724 2738 nouit.

367 2769 481 2831 [Fo.
513 2772 647 2834 17d.]
721 2774 892 2819 Frater
914 2774 1167 2835 Johannes
1192 2775 1354 2835 Bracy
1376 2775 1564 2821 iuratus
1589 2778 1638 2821 et
1660 2776 1971 2822 examinatus
1994 2774 2117 2822 dicit
2139 2775 2277 2837 quod

237 2834 401 2879 statim
436 2838 484 2880 et
517 2836 844 2883 incontinenti
879 2841 994 2897 post
1017 2839 1284 2884 matutinas
1307 2838 1498 2884 audiuit
1524 2839 1779 2896 Lincolne,
1808 2839 2063 2899 Langtoft,
2089 2839 2275 2900 Wayn-

335 2943 347 2967 ¹
378 2920 592 2984 Interlined
611 2949 734 2985 above
751 2954 873 2997 postea
891 2923 1215 2988 dicit—cancelled.

333 2994 350 3018 ²
375 2996 410 3032 A
428 2997 534 3035 word
551 2999 768 3044 cancelled,
791 3001 1027 3050 apparently
1047 3009 1226 3052 exparer.

333 3045 349 3070 ³
374 3048 519 3085 Barton
547 3050 764 3090 cancelled.

334 3096 350 3120 ⁴¹
377 3098 454 3136 Sic.

334 3186 347 3210 ¹
377 3187 454 3225 For
471 3188 537 3226 the
556 3190 726 3247 unusual
746 3190 888 3240 phrase
908 3193 946 3229 in
956 3195 1073 3242 fatis,
1089 3194 1137 3230 cf.
1153 3193 1330 3242 N.E.D‚,
1346 3207 1421 3232 s.v.
1441 3193 1553 3242 Fate‚
1567 3194 1695 3233 which
1714 3205 1857 3245 quotes
1877 3195 2060 3245 Lydgate
2076 3194 2124 3246 (c.
2146 3194 2275 3243 1430),

233 3235 379 3274 Bochai·
399 3246 461 3287 ΙΙΙ,
479 3252 571 3277 xxvi
593 3242 745 3289 (1554),
769 3243 850 3288 976.
907 3245 915 3262 ⁴
935 3243 1052 3282 Cirus
1072 3258 1149 3282 was
1171 3245 1310 3294 passed
1330 3246 1415 3283 into
1434 3246 1543 3285 fate.’

332 3287 350 3311 ²
373 3288 447 3328 Le.
468 3303 542 3328 one
561 3291 602 3328 of
627 3292 693 3329 the
712 3300 788 3330 two
808 3294 976 3340 moulds,
998 3296 1160 3333 obverse
1180 3297 1259 3334 and
1279 3309 1445 3344 reverse,
1464 3298 1641 3335 between
1661 3296 1791 3336 which
1809 3298 1878 3335 the
1897 3310 1982 3336 wax
2000 3310 2078 3335 was
2097 3296 2276 3346 pressed.

233 3336 319 3374 The
351 3340 512 3377 obverse
539 3341 625 3378 half
649 3343 690 3380 of
714 3343 780 3380 the
809 3354 980 3383 convent
1006 3346 1088 3384 seal
1116 3360 1194 3385 was
1213 3347 1336 3385 found
1363 3349 1463 3385 after
1482 3348 1551 3386 the
1568 3349 1743 3386 removal
1762 3348 1805 3386 of
1821 3349 1893 3387 soil
1913 3349 2012 3386 from
2031 3361 2053 3385 a
2074 3357 2164 3398 spot
2183 3360 2278 3386 near

232 3387 299 3426 the
320 3389 423 3427 S.W.
446 3391 542 3428 door
557 3392 603 3449 ‘of
626 3392 692 3430 the
711 3395 837 3443 abbey
854 3395 1000 3434 church
1022 3397 1060 3434 in
1086 3408 1194 3445 1911,
1215 3399 1293 3436 and
1320 3399 1352 3436 is
1371 3399 1596 3437 illustrated
1614 3400 1655 3437 in
1675 3402 1802 3438 Assoc.
1822 3399 1973 3438 Archz't.
1993 3401 2078 3438 Soc.
2101 3402 2274 3450 Reports,

230 3446 365 3484 xxxm,
387 3443 445 3478 28.
477 3442 537 3499 ‘It
555 3456 586 3479 is
605 3446 837 3502 apparently
859 3447 900 3482 of
924 3461 945 3483 a
964 3447 1054 3485 date
1081 3462 1113 3487 c.
1138 3451 1367 3495 1280-1300‚
1389 3451 1483 3488 with
1513 3450 1660 3499 figures
1688 3451 1730 3488 of
1755 3451 1815 3489 St.
1840 3451 1955 3488 Peter
1982 3452 2060 3488 and
2089 3451 2146 3488 St.
2174 3449 2274 3488 Paul

230 3489 355 3528 under
372 3491 553 3550 trefmled
572 3507 754 3543 canopies
774 3496 867 3533 with
894 3499 1102 3536 crocketed
1131 3500 1353 3549 pediments
1380 3501 1457 3538 and
1485 3502 1611 3539 shafts
1637 3502 1731 3539 with
1757 3502 1922 3539 foliated
1948 3501 2130 3551 capitals.
2186 3501 2275 3539 The

232 3540 371 3578 border
401 3555 432 3580 is
466 3546 714 3583 surrounded
749 3546 842 3584 with
874 3548 941 3585 the
977 3548 1122 3597 legend
1146 3564 1155 3587 :
1197 3552 1513 3600 SI[GILLUM]
1551 3552 1885 3600 CO[M]MUNE
1922 3552 2162 3591 ABBATIS
2201 3551 2274 3590 ET

231 3590 609 3640 CO[N]VENTVS
658 3595 1060 3648 MON[ASTER11]
1106 3601 1568 3651 AP[OSTO]LORVM
1611 3603 1777 3641 PETRI
1819 3603 1891 3641 ET
1930 3603 2111 3641 PAVLI.
2186 3603 2273 3641 The

230 3653 383 3681 reverse
403 3645 494 3682 bore
513 3645 581 3683 the
600 3645 724 3694 figure
742 3648 783 3684 of
801 3647 856 3685 St.
877 3648 1051 3697 oswald,
1066 3652 1146 3689 and
1166 3654 1383 3691 continued
1402 3654 1469 3691 the
1487 3654 1630 3703 legend
1650 3668 1658 3691 :
1688 3653 1760 3692 ET
1781 3654 1988 3693 SANCTI
2011 3653 2272 3693 OSWALDI

230 3691 698 3754 G‘LORIOSIUREGIS
728 3698 799 3736 ET
830 3700 1145 3750 MARTURIS]
1176 3704 1245 3741 DE
1279 3705 1599 3744 BARDENEY.
1674 3705 1778 3743 Both
1808 3707 1972 3744 obverse
1999 3706 2078 3743 and
2098 3718 2271 3752 reverse,

229 3747 321 3780 with
349 3745 415 3783 the
441 3756 631 3794 posmons
650 3749 827 3806 Wrongly
845 3751 977 3799 given,
995 3765 1059 3790 are
1087 3755 1207 3791 noted
1236 3756 1287 3805 by
1307 3756 1492 3805 Dugdale
1520 3757 1620 3794 from
1639 3770 1689 3794 an
1708 3756 1944 3806 impression
1971 3756 2157 3795 attached
2183 3764 2225 3794 to
2253 3769 2276 3793 a

226 3793 328 3882 (ἓξὲξ
355 3795 532 3885 οξῂῐξῃ.
607 3798 694 3856 The
720 3799 961 3864 ,illustration
990 3805 1220 3843 mentioned
1247 3808 1372 3844 above
1393 3808 1426 3845 is
1446 3807 1624 3857 wrongly
1643 3808 1812 3846 entitled
1842 3810 1852 3829 ‘
1869 3807 2047 3846 Reverse
2066 3808 2109 3846 of
2133 3807 2275 3859 Abbey

314 3872 323 3891 ,
343 3858 408 3884 wit
462 3861 710 3900 impressmn.

2456 2435 2476 2916 ‘mmmm'1›0>2-7.³-.·n÷.·..·-.:.aot-stusm'
2465 2403 2476 2413 ι
2455 2382 2459 2384 ⁴
2458 2355 2459 2359 Α
2459 2286 2461 2291 “
2458 2196 2463 2203 “
