2488 4296
180 363 259 436 <5³5
633 356 1119 416 ALNWICK’S
1202 353 1766 415 VISITATIONS

175 518 323 564 horas
347 518 614 564 canonicas
650 518 851 575 tempore
873 515 1040 570 debito,
1067 513 1157 560 sed
1190 514 1391 560 tardant
1415 513 1561 559 nimis
1583 514 1698 572 post
1721 511 2062 572 pulsacionem
2086 525 2216 558 cam·

214 595 428 628 anarum.

177 596 210 642 p
302 642 502 705 (Prior.)
570 643 732 688 Cocus
772 641 950 687 domus
989 644 1064 687 est
1108 642 1254 687 nimis
1300 640 1457 686 elatus
1508 642 1558 684 et
1610 641 1784 684 toruus
1824 653 1916 685 nec
1950 637 2218 684 indifferen

177 708 443 762 canonicis,
470 722 562 752 nec
586 704 757 751 differt
779 705 1034 750 canonicis
1057 705 1107 749 in
1129 705 1310 766 aliquo.

305 768 613 830 (Godefrey.)
684 769 856 814 Frater
893 768 1140 814 Robertus
1178 767 1461 814 Pavenham
1486 766 1608 812 dicit
1630 765 1766 827 quod
1790 764 1943 811 frater
1965 765 2217 826 Johannes

176 834 432 895 Godefrey
456 848 556 878 non
580 832 714 877 venit
737 831 802 876 ad
835 830 1057 877 diuinum
1083 831 1300 877 officium
1324 832 1374 876 in
1400 830 1556 876 choro
1580 844 1674 875 nec
1695 831 1839 875 vacat
1861 829 2101 888 religioni,
2128 828 2218 875 sed

175 897 390 944 intendit
412 896 768 942 venacionibus
793 899 841 940 et
864 899 939 941 est
962 895 1102 956 quasi
1136 895 1324 954 proprij
1361 894 1627 953 regiminis.
1719 892 1941 938 Monitus
1974 895 2050 938 est
2082 892 2219 954 quod

177 961 441 1007 dominicis
466 962 514 1006 et
537 958 878 1019 solempnibus
900 958 1094 1004 intersit
1117 958 1369 1004 matutinis
1393 961 1442 1002 et
1465 957 1658 1015 magnis
1680 956 1856 1002 missis.

305 1022 615 1083 (Godet‘rey.)
706 1022 847 1068 Idem
891 1022 1144 1083 Johannes
1187 1020 1444 1081 Godefrey
1489 1019 1681 1066 detinet
1726 1023 1775 1065 et
1818 1034 1909 1079 per
1951 1019 2218 1065 triennium

115 1141 118 1143 ,
177 1087 390 1133 detinuit
429 1102 458 1132 a
497 1086 634 1131 dicto
676 1085 963 1131 Pavenham
1001 1085 1240 1145 pecunias
1279 1083 1663 1130 destribuendas
1702 1082 1977 1129 secundum
2021 1082 2218 1128 ordina-

175 1153 373 1197 cionem
397 1150 518 1195 inibi
543 1164 633 1209 per
656 1149 914 1195 dominum
938 1148 1137 1194 factam.
1206 1148 1482 1194 Videantur
1504 1147 1618 1192 libri
1643 1160 1985 1206 expensarum.

302 1212 502 1274 (Prior.)
572 1213 745 1258 Frater
779 1213 1033 1274 Johannes
1071 1211 1317 1258 Londone
1354 1211 1476 1257 dicit
1512 1210 1649 1272 quod
1685 1209 1866 1256 infirmi
1903 1224 2004 1256 non
2032 1209 2221 1256 habent

174 1277 391 1339 aliquem
414 1277 498 1338 qui
523 1276 616 1322 sibi
643 1275 892 1322 deseruiat
914 1275 965 1321 in
989 1274 1359 1321 infirmitatibus
1382 1275 1496 1320 suis.

304 1339 503 1401 (Prior.)
572 1339 698 1386 Item
722 1340 762 1384 si
786 1339 908 1401 quid
931 1339 994 1384 sit
1026 1340 1156 1385 inter
1178 1339 1476 1385 canonicum
1500 1340 1550 1384 et
1573 1337 1861 1394 secularem,
1886 1337 2023 1398 prior
2045 1337 2220 1397 pocius

175 1402 312 1450 fauet
335 1404 543 1450 seculari
568 1418 717 1464 quam
741 1404 1001 1460 canonico2

303 1467 499 1528 (Prior.)
569 1467 696 1512 Item
741 1467 877 1528 quod
922 1466 1182 1512 ordinacio
1226 1465 1360 1512 facta
1403 1479 1494 1526 per
1539 1465 1797 1511 dominum
1841 1479 1933 1525 pro
1978 1464 2220 1524 regimine

176 1531 354 1577 domus
391 1534 466 1577 est
502 1531 756 1590 incognita
792 1530 1021 1590 pluribus
1053 1533 1167 1590 post
1203 1544 1313 1575 eam
1350 1530 1586 1588 ingressis
1622 1529 1914 1587 religionem
1943 1528 1995 1574 in
2018 1527 2221 1574 defectu

176 1594 356 1655 prioris
380 1612 389 1646 ς
426 1598 631 1654 propter
654 1594 790 1655 quod
813 1595 990 1640 timent
1013 1609 1067 1639 se
1091 1593 1382 1654 delinquere
1405 1597 1581 1639 contra
1604 1592 1996 1638 ordinacionem.

305 1657 501 1719 (Prior.)
572 1658 699 1704 Item
736 1658 871 1719 quod
908 1672 1106 1703 camera
1141 1658 1192 1703 in
1229 1672 1326 1719 qua
1362 1657 1591 1703 canonici
1629 1656 1953 1702 commedunt
1977 1657 2052 1702 est
2075 1654 2222 1700 nimis

177 1725 284 1768 arta
307 1737 399 1781 pro
423 1722 544 1781 ipsis
568 1725 618 1767 et
642 1721 978 1767 seruitoribus.

307 1785 504 1846 (Prior.)
573 1785 700 1831 Item
735 1788 850 1831 ante
886 1784 1288 1830 indoleacionem
1324 1799 1454 1830 noue
1490 1784 1700 1830 ceruisie
1737 1783 1965 1830 canonici
2001 1784 2222 1829 artantur

178 1849 420 1895 mundare
443 1863 572 1894 vasa.

305 1913 545 1970 (Omnes.)
615 1912 789 1958 Frater
824 1911 1076 1973 Johannes
1115 1911 1374 1971 Beaupree
1412 1910 1534 1956 dicit
1573 1910 1710 1972 quod
1750 1912 1955 1957 iuuenes
1994 1909 2223 1956 canonici

177 1990 277 2022 non
302 1975 621 2038 frequentant
645 1976 854 2021 chorum
877 1976 928 2020 in
953 1975 1136 2020 diuinis
1157 1979 1210 2020 vt
1233 1976 1468 2030 seniores,
1495 1974 1584 2021 sed
1609 1978 1788 2020 vacant
1810 1975 1921 2020 ocio
1947 1977 1996 2019 et
2018 1973 2149 2019 ludis
2173 1976 2224 2019 et

177 2053 278 2085 non
302 2043 610 2099 occupantur
633 2040 683 2084 in
708 2039 1140 2098 contemplacione
1164 2053 1258 2085 nec
1280 2039 1492 2085 leccioni
1529 2041 1613 2084 aut
1648 2038 1814 2083 studio
1851 2042 1990 2084 extra
2025 2040 2223 2097 tempus

178 2102 434 2149 hororum1
457 2102 522 2148 ad
546 2102 728 2156 diuina,
755 2102 845 2149 sed
868 2103 1050 2164 vbique
1074 2102 1138 2148 ad
1161 2102 1357 2147 libitum
1381 2101 1680 2147 discurrunt.

307 2166 585 2225 (Londone,
612 2165 937 2227 O[un]delle,
962 2165 1321 2227 God[efrey].)
1411 2166 1537 2211 Item
1573 2165 1695 2212 dicit
1718 2165 1855 2227 quod
1879 2165 2002 2211 citra
2024 2167 2222 2224 tempus

178 2229 515 2276 ordinacionis
554 2229 685 2275 tacte
720 2231 770 2275 in
812 2230 964 2275 domo
1003 2244 1093 2289 per
1133 2230 1405 2285 dominum,
1446 2229 1624 2275 fratres
1668 2229 1920 2291 Johannes
1962 2228 2220 2285 Londone,

181 2294 428 2339 Robertus
453 2293 699 2340 Oundelle
723 2297 772 2339 et
802 2293 1054 2355 Johannes
1077 2293 1334 2354 Godefrey
1357 2292 1643 2354 frequenter
1678 2293 1911 2339 biberunt
1933 2296 1983 2338 et
2006 2306 2222 2338 comme-

178 2357 358 2403 derunt
392 2358 442 2403 in
466 2357 581 2402 villa
605 2357 669 2402 de
706 2357 984 2416 Dunstaple
1006 2360 1183 2403 contra
1207 2356 1611 2416 prohibicionem
1635 2356 1974 2402 ordinacionis
1999 2354 2225 2402 domini.²

179 2421 372 2466 Iuratus
391 2424 466 2467 est
492 2420 738 2466 Londone
757 2421 893 2482 quod
917 2419 1142 2480 perficiat
1165 2421 1500 2479 penitenciam
1519 2421 1614 2465 sibi
1638 2420 1995 2479 iniungendam
2013 2423 2063 2466 et
2086 2417 2223 2481 quod

178 2484 413 2530 decetero
437 2485 698 2530 abstineat.
755 2484 1026 2530 Absolutus
1050 2488 1139 2530 est.
1202 2483 1450 2530 Oundelle
1473 2483 1655 2530 fatetur
1679 2498 1732 2530 se
1756 2484 1827 2528 sic
1851 2483 2038 2530 bibisse
2061 2484 2224 2530 sciens

177 2548 242 2594 de
260 2548 598 2605 ordinacione,
619 2551 668 2594 et
691 2548 878 2593 iuratus
902 2551 977 2594 est
1000 2548 1057 2593 de
1075 2547 1365 2607 peragendo
1384 2548 1733 2606 penitenciam,
1754 2551 1804 2593 et
1827 2547 1964 2609 quod
1988 2546 2224 2594 decetero

177 2612 436 2658 abstineat.
505 2611 776 2657 Absolutus
799 2615 874 2657 est
898 2614 960 2667 et,
986 2612 1102 2673 quia
1124 2611 1360 2657 sacerdos
1384 2615 1473 2666 est,
1501 2611 1781 2657 declaratus
1805 2616 1879 2657 est
1913 2626 2005 2671 pro
2039 2611 2223 2671 irregu-

175 2674 266 2720 lari
290 2676 404 2736 quia
428 2676 702 2721 celebrauit
732 2693 742 2731 ;
779 2678 828 2721 et
854 2675 1148 2720 iniunctum³
1171 2675 1215 2720 ei
1242 2678 1291 2720 et
1325 2674 1573 2721 Oundelle
1597 2674 1735 2736 quod
1768 2673 2065 2735 proxima'vj
2101 2675 2226 2723 feria

177 2739 397 2784 ieiunent
435 2739 485 2784 in
522 2753 652 2798 pane
689 2743 738 2784 et
773 2754 913 2800 aqua.
984 2738 1242 2799 Godefrey
1265 2737 1447 2784 fatetur
1482 2754 1534 2784 se
1569 2739 1641 2784 sic
1672 2738 1953 2785 comedisse
1977 2742 2027 2785 et
2050 2743 2224 2799 postea

179 2802 493 2849 celebrasse:
529 2807 579 2848 et
615 2803 824 2861 prestito
861 2803 1139 2848 iuramento
1176 2805 1416 2848 consueto
1454 2806 1502 2848 et
1537 2802 1675 2864 quod
1711 2805 1873 2848 stante
1900 2803 2225 2851 ordinacione

178 2880 279 2911 non
303 2866 442 2912 bibet
465 2867 516 2911 in
539 2866 667 2921 villa,
698 2866 953 2911 absolutus
977 2869 1052 2912 est
1077 2883 1086 2923 ;
1123 2869 1173 2912 et
1206 2866 1482 2912 iniunctum
1506 2871 1582 2912 est
1605 2866 1699 2912 sibi
1723 2866 1860 2928 quod
1884 2867 2008 2912 citra
2034 2868 2225 2915 Pascha

178 2930 364 2975 ieiunet
387 2930 456 2990 iij⁴1
485 2928 589 2990 [et]
620 2930 665 2990 vj
692 2929 816 2976 feria
839 2930 889 2975 in
914 2945 1043 2990 pane
1067 2932 1117 2976 et
1139 2944 1280 2991 aqua.

307 2993 504 3054 (Prior.)
576 2994 748 3039 Frater
784 2993 1037 3054 Johannes
1075 2994 1275 3055 Rys1ey⁵
1313 2993 1451 3056 quod
1487 2992 1833 3040 dormitorium
1869 2997 1920 3040 et
1957 2994 2223 3041 claustrum

181 3070 388 3116 magnos
412 3057 462 3102 in
491 3057 764 3116 parietibus
787 3058 1051 3116 paciuntur
1074 3056 1314 3113 defectus,
1341 3072 1403 3103 ex
1425 3057 1606 3118 quibus
1628 3057 1829 3103 timetur
1853 3057 1918 3104 de
1941 3058 2094 3104 ruina.

309 3120 612 3180 (Londone.)
682 3121 809 3166 Item
844 3120 998 3167 frater
1036 3120 1290 3181 Johannes
1328 3120 1574 3167 Londone
1609 3120 1904 3168 multociens
1926 3125 1977 3167 et
1999 3123 2226 3184 quasiex

183 3183 544 3229 consuetudine
583 3184 812 3230 absentat
848 3199 901 3230 se
937 3199 967 3230 a
1003 3185 1257 3230 matutinis
1289 3188 1338 3230 et
1368 3184 1485 3230 licet
1508 3186 1767 3244 correptus
1792 3199 1891 3230 non
1916 3186 2224 3233 emendatur.

186 3247 469 3292 Iniunctum
493 3250 568 3292 est
601 3248 753 3306 priori
778 3247 914 3308 quod
938 3248 977 3293 si
1007 3247 1244 3294 decetero
1269 3247 1539 3309 delinquat,
1565 3261 1657 3307 pro
1680 3248 1840 3307 prima
1862 3249 1972 3295 vice
1995 3250 2227 3309 puniatur

283 3357 296 3380 1
326 3357 414 3396 Sic:
446 3357 504 3394 for
522 3358 721 3396 horarum.

281 3407 298 3483 Ξ
325 3410 573 3496 Ξῖωνηιζςςιυη
593 3415 650 3446 est
660 3412 787 3459 priori
802 3409 855 3446 ad
869 3410 1087 3449 cancelled.

282 3511 298 3534 ⁴
325 3487 420 3555 Sic-‚-
449 3511 513 3556 iiij
528 3510 657 3549 would
678 3512 724 3549 be
744 3512 866 3561 right.

282 3563 298 3586 5
325 3563 385 3600 Sic
408 3577 421 3599 .·
448 3562 537 3600 dicit
563 3563 746 3602 omitted.

282 3644 295 3668 1
324 3645 571 3695 Apparently
592 3645 821 3683 Pavenham
841 3646 916 3683 had
939 3648 1158 3686 succeeded
1179 3649 1382 3700 Godefrey
1401 3662 1443 3687 as
1461 3649 1650 3687 almoner.

281 3695 298 3719 ²
323 3697 395 3734 λι.
415 3697 522 3734 since
542 3697 602 3734 his
621 3698 926 3746 transgression.

281 3747 297 3771 ³
325 3747 412 3785 The
432 3747 603 3796 original
621 3748 767 3798 simply
786 3761 878 3799 says
897 3750 968 3787 'he
981 3751 1001 3788 '.

283 3800 297 3824 ⁴
325 3799 379 3837 So
398 3799 438 3836 in
458 3799 524 3837 the
545 3799 663 3837 Latin
687 3812 695 3835 :
728 3798 980 3851 Wednesday
999 3802 1030 3838 is
1051 3802 1242 3853 probably
1261 3813 1409 3841 meant.

2476 1123 2488 1159 εἰ

2478 1200 2488 1269 j}

2480 1337 2488 1399 ἓ

2484 1404 2488 1432 ι

2479 1557 2488 1627 ÷
