2476 4412
264 436 344 492 44
715 410 1201 472 ALNWICK’S
1284 409 1850 469 vls1TAT10Ns

391 571 716 634 (Euerdone.)
785 572 957 617 Frater
989 569 1242 631 Johannes
1277 567 1641 629 Nauntwyche,
1665 567 1816 627 prior,
1842 565 1966 613 dicit
1988 565 2126 628 quod
2153 565 2306 612 frater

263 636 484 682 Thomas
523 635 791 681 Euerdone
828 634 1019 679 dudum
1054 633 1148 678 fuit
1182 632 1382 678 rebellis
1417 632 1527 682 sibi,
1565 631 1656 677 sed
1693 630 1847 676 modo
1883 631 2093 676 mutauit
2126 643 2306 675 mores.

266 700 394 745 Petit
438 700 586 757 igitur
629 701 681 744 vt
726 697 958 743 dominus
1001 696 1152 742 faciat
1197 695 1467 741 conuentui
1515 694 1784 755 aliqualem
1829 693 2199 740 iniunccionem
2244 691 2336 738 de·

262 762 571 809 obediencia.

390 825 517 870 Item
554 823 690 885 quod
726 822 958 868 dominus
994 821 1213 868 refrenet
1247 822 1581 880 impetuosam
1614 821 1920 880 peticionem
1953 819 2310 866 canonicorum

261 887 495 933 iuuenum
518 888 602 948 qui
626 886 914 932 desiderant
937 885 1138 931 studere
1163 885 1385 931 Oxoniis.

390 950 630 1008 (Omnes.)
700 950 872 995 Frater
906 949 1189 994 Willelmus
1226 947 1570 1008 Bukyngham,
1596 948 1841 1007 supprior,
1868 946 1991 993 dicit
2023 945 2161 1008 quod
2195 959 2309 992 cum

262 1014 360 1059 sint
394 1014 442 1073 xj
481 1014 531 1058 in
567 1027 788 1068 numero,
817 1027 918 1058 non
955 1014 1227 1073 sequuntur
1263 1012 1472 1057 chorum
1510 1011 1604 1056 nisi
1639 1014 1851 1072 quatuor
1885 1013 2115 1070 tempore
2151 1008 2308 1055 diuini

263 1077 473 1135 seruicij,
499 1076 607 1121 aliis
629 1076 694 1121 ad
718 1090 872 1135 opera
896 1076 1142 1121 exteriora
1165 1074 1541 1121 intendentibus
1565 1077 1615 1120 et
1637 1076 1751 1121 ocio
1773 1074 2079 1120 vacantibus.

388 1138 588 1200 (Prior.)
657 1140 783 1185 Item
807 1140 857 1184 in
881 1139 1149 1185 refectorio
1173 1138 1497 1184 commedunt
1519 1138 1769 1184 seculares
1791 1139 1921 1183 inter
1937 1134 2205 1193 canonici,1
2221 1134 2309 1181 vbi

261 1206 399 1262 patet
434 1202 739 1248 secularibus
778 1203 989 1263 qualiter
1028 1203 1257 1248 canonici
1295 1203 1450 1261 agunt
1488 1202 1799 1261 penitencias
1837 1201 1932 1247 sibi
1972 1200 2219 1246 iniunctas
2256 1199 2309 1244 in

260 1265 550 1311 scandalum
574 1265 752 1311 domus
776 1268 825 1311 et
848 1266 1051 1311 ordinis.

390 1328 636 1389 (Omnes.)
706 1329 832 1374 Item
857 1328 979 1374 dicit
1002 1328 1139 1390 quod
1165 1330 1281 1388 post
1305 1327 1690 1388 completorium
1711 1327 1943 1375 canonici
1965 1328 2145 1374 vacant
2167 1327 2307 1386 pota-

259 1392 500 1448 cionibus,
525 1392 704 1451 vigiliis
728 1395 778 1438 et
800 1392 909 1438 aliis
932 1392 1233 1438 insolenciis.
1870 1420 1876 1427 -

386 1455 580 1514 (Prior.)
667 1456 840 1501 Frater
888 1455 1131 1501 Ricardus
1177 1454 1511 1512 Coleworthe,
1559 1455 1954 1512 subcellerarius,
2002 1453 2126 1499 dicit
2170 1450 2309 1514 quod

258 1518 393 1577 prior
429 1522 479 1564 et
515 1522 791 1565 conuentus
826 1519 1161 1565 vendiderunt
1197 1519 1454 1565 Willelmo
1492 1519 1816 1579 Baudewyne
1852 1521 1903 1565 et
1938 1517 2080 1564 vxori
2117 1531 2205 1563 sue
2242 1514 2309 1562 ad

257 1582 524 1627 terminum
548 1583 647 1628 vite
670 1598 821 1628 vnum
845 1583 1146 1640 corrodium,
1172 1597 1264 1642 pro
1289 1597 1388 1644 quo
1412 1585 1711 1642 receperunt
1733 1582 1751 1629 1
1773 1582 1821 1628 li.

385 1644 582 1706 (Prior.)
652 1646 779 1692 Item
804 1646 925 1691 dicit
948 1646 1085 1707 quod
1102 1646 1437 1692 vendiderunt
1461 1649 1653 1692 certum
1676 1646 1886 1692 boscum
1911 1644 1977 1691 ad
1999 1643 2220 1690 valorem
2242 1656 2310 1689 xx

259 1707 306 1753 li.
333 1710 383 1754 et
404 1709 630 1768 amplius.

390 1772 563 1818 Frater
606 1773 828 1819 Thomas
869 1773 1153 1830 Euerdone,
1195 1773 1526 1835 coquinarius,
1568 1773 1691 1819 dicit
1729 1772 1868 1835 quod
1907 1771 2168 1818 silencium
2206 1783 2309 1816 non

262 1838 486 1880 seruatur
519 1835 643 1881 locis
676 1836 743 1882 et²
776 1837 973 1882 debitis.
1043 1837 1167 1883 Item
1194 1837 1258 1882 de
1282 1837 1588 1883 secularibus
1611 1836 2047 1883 commedentibus
2075 1835 2127 1880 in
2150 1832 2308 1880 refec-

261 1899 391 1944 torio
414 1902 466 1944 vt
489 1913 652 1958 supra.

393 1961 587 2022 (Prior.)
658 1963 786 2008 Item
822 1962 945 2008 dicit
981 1963 1046 2009 de
1082 1963 1317 2010 corrodio
1352 1963 1558 2010 vendito
1594 1967 1646 2010 vt
1682 1978 1831 2024 supra
1867 1977 1960 2023 pro
1995 1962 2046 2008 xl
2080 1961 2146 2019 li.,
2171 1959 2310 2007 etde

262 2025 418 2071 bosco
440 2026 646 2071 vendito
668 2025 734 2071 ad
758 2041 786 2072 c
810 2041 1014 2072 marcas.

391 2089 584 2148 (Prior.)
654 2090 780 2135 Item
805 2089 927 2135 dicit
950 2090 1087 2151 quod
1110 2091 1247 2150 prior
1271 2090 1459 2136 dimisit
1482 2091 1747 2137 ecclesiam
1765 2090 1830 2136 de
1867 2090 2003 2149 Lega
2024 2089 2090 2135 ad
2113 2088 2309 2134 firmam

260 2165 350 2211 per
373 2153 766 2213 quinquennium
789 2167 882 2212 pro
904 2168 936 2198 x
959 2154 1007 2199 li.
1032 2155 1221 2210 annuis,
1248 2157 1297 2200 et
1324 2155 1516 2214 recepit
1547 2158 1706 2201 totam
1728 2154 1922 2200 firmam
1946 2168 2035 2213 pre
2059 2152 2305 2199 manibus.

387 2216 584 2275 (Prior.)
654 2217 782 2262 Item
806 2216 928 2262 dicit
951 2217 1087 2278 quod
1112 2217 1300 2263 dimisit
1322 2218 1584 2264 ecclesiam
1603 2218 1668 2264 de
1687 2217 2007 2264 Coleworthe
2024 2216 2091 2263 ad
2113 2215 2308 2261 firmam

259 2292 349 2337 per
371 2279 637 2325 triennium
661 2294 754 2339 pro
777 2281 879 2340 xiiij
905 2280 953 2326 li.
979 2281 1169 2337 annuis,
1195 2296 1292 2342 que
1326 2281 1531 2327 dimissa
1566 2284 1672 2327 erat
1703 2281 1878 2327 vltimo
1911 2295 2044 2327 anno
2078 2294 2171 2340 pro
2204 2278 2304 2338 xvij

258 2341 321 2398 li.,
347 2344 397 2387 et
419 2345 576 2388 totam
598 2342 793 2389 firmam
817 2343 881 2389 de
903 2344 1010 2389 istis
1033 2345 1192 2389 tribus
1215 2345 1358 2390 annis
1382 2345 1573 2404 recepit
1595 2359 1685 2405 pre
1708 2345 1951 2390 manibus.

388 2406 582 2466 (Prior.)
651 2407 778 2452 Item
813 2406 877 2452 de
910 2421 1043 2452 nouo
1077 2409 1304 2453 onerauit
1336 2409 1609 2467 prioratum
1644 2423 1758 2454 cum
1793 2408 2003 2454 diuersis
2036 2405 2201 2452 feodis
2240 2404 2307 2451 ad

256 2483 499 2514 summam
523 2484 604 2527 cs.,
630 2470 709 2515 vel
731 2470 870 2527 vltra,
895 2471 979 2516 vbi
1003 2471 1140 2530 prius
1163 2485 1264 2516 non
1287 2472 1589 2518 onerabatur
1611 2472 1738 2517 vltra
1760 2486 1865 2518 xxs.
1890 2472 1941 2516 in
1964 2484 2110 2516 anno.

384 2532 580 2594 (Prior.)
649 2534 775 2579 Item
800 2536 1043 2580 sustentat
1066 2537 1260 2594 patrem
1294 2538 1344 2581 et
1377 2540 1587 2581 matrem
1621 2550 1736 2581 suos
1770 2535 1900 2580 infra
1931 2535 2207 2594 prioratum
2241 2531 2306 2578 de

255 2595 360 2640 eius
393 2597 742 2642 communibus
775 2598 921 2643 bonis
953 2598 1143 2659 absque
1177 2613 1426 2645 consensu
1459 2602 1736 2645 conuentus
1770 2599 1863 2644 sub
1887 2597 2040 2644 modo
2065 2595 2300 2656 corrodij,

254 2672 347 2717 pro
371 2673 469 2719 quo
493 2660 648 2706 nichil
671 2663 777 2706 erat
799 2664 1071 2720 receptum.

382 2722 576 2782 (Prior.)
646 2724 773 2769 Item
808 2725 1205 2771 comminabatur
1239 2726 1494 2772 canonicis
1527 2725 1679 2788 quod,
1705 2726 1746 2772 si
1781 2725 2206 2787 conquererentur
2240 2721 2305 2768 de

256 2798 317 2830 eo
356 2785 407 2830 in
446 2785 541 2832 hac
579 2787 884 2843 visitacione‚
924 2788 1119 2835 luerent
1157 2790 1372 2835 amarius
1411 2805 1560 2851 quam
1604 2790 1731 2835 citra
1775 2789 2087 2835 natiuitatem
2132 2800 2305 2833 eorum

252 2847 455 2906 luebat,³
477 2852 528 2895 et
550 2849 653 2896 eos*1
676 2851 760 2912 qui
783 2852 878 2897 sibi
909 2851 1081 2898 fauent
1114 2855 1164 2898 et
1197 2853 1307 2912 ipse
1339 2853 1546 2899 faueret.
1639 2854 1924 2899 Iniunctum
1957 2854 2034 2898 est
2066 2851 2219 2911 priori
2253 2850 2306 2895 in

354 2957 367 2982 ²
395 2958 470 2998 Sic.

351 3008 368 3032 ²
392 3010 498 3049 lzoris
524 3013 702 3052 omitted.

352 3060 368 3084 ³
395 3061 459 3100 Sic
479 3077 492 3099 .·
519 3064 577 3102 for
596 3065 756 3104 luebant.

353 3111 369 3137 ⁴
396 3113 489 3151 Sic:
515 3116 574 3153 for
592 3117 659 3153 eis.

349 3181 362 3205 ¹
391 3182 478 3221 The
507 3185 720 3224 bracketed
748 3200 895 3235 names,
915 3197 1005 3237 etc.‚
1025 3202 1067 3227 as
1094 3189 1304 3227 elsewhere
1322 3189 1361 3227 in
1381 3188 1463 3227 this
1480 3189 1652 3235 volume,
1672 3201 1737 3227 are
1756 3187 1952 3239 marginal
1974 3194 2089 3226 notes
2111 3185 2305 3235 referring

250 3240 291 3270 to
309 3232 376 3270 the
394 3246 535 3283 person
556 3249 599 3273 or
617 3249 779 3285 persons
797 3239 1027 3288 implicated
1047 3241 1087 3277 in
1106 3241 1174 3278 the
1194 3240 1347 3278 several
1366 3241 1524 3279 detecta.

350 3283 367 3307 2
393 3285 673 3336 Nauntwyche
699 3302 777 3326 was
804 3291 855 3339 by
883 3291 945 3328 his
973 3304 1091 3330 name
1118 3305 1140 3328 a
1168 3291 1363 3330 Cheshire
1390 3305 1496 3330 man.
1569 3291 1656 3330 The
1684 3304 1833 3329 canons
1861 3303 1967 3328 seem
2005 3299 2048 3327 to
2074 3288 2175 3326 have
2202 3288 2304 3325 been

248 3334 381 3392 drawn
402 3335 500 3373 from
517 3339 671 3376 various
690 3351 796 3388 parts
816 3341 856 3378 of
874 3342 1076 3391 England.
1114 3342 1320 3380 Culworth
1340 3343 1418 3381 and
1437 3343 1622 3381 Everdon
1643 3356 1708 3380 are
1728 3341 1830 3380 local
1849 3341 2030 3391 villages.
2068 3338 2304 3377 Blownham

247 3386 451 3443 evrdently
469 3400 578 3426 came
597 3389 694 3427 from
716 3390 913 3429 Blunham
933 3394 973 3430 in
1003 3393 1297 3440 Bedfordshire,
1319 3394 1435 3432 while
1455 3394 1734 3444 Buckingham
1762 3393 1841 3431 and
1869 3393 2074 3440 Coventry
2091 3403 2158 3429 are
2183 3401 2224 3427 at
2251 3402 2304 3427 no

247 3436 344 3536 ligng
355 3437 538 3534 (dizstance
558 3439 655 3527 frfqm
675 3440 841 3541 δῦέηοῐιῗ
858 3444 1010 3494 Ashby.
1067 3444 1346 3495 Nauntwyche
1365 3445 1550 3495 resigned
1570 3446 1611 3483 in
1636 3453 1730 3493 1457
1752 3457 1860 3494 upon
1879 3457 1901 3481 a
1921 3443 2056 3494 yearly
2075 3442 2243 3493 pension
2263 3440 2307 3479 of

290 3498 334 3524 10
417 3501 478 3538 eg.
498 3498 568 3535 XX,
620 3520 628 3527 .
651 3499 669 3537 5
729 3519 751 3539 .,
773 3500 818 3539 59
848 3521 856 3531 .

248 3588 255 3595 .
347 3538 363 3562 ³
390 3539 477 3597 The
496 3541 758 3591 importunity
778 3544 816 3580 in
837 3545 946 3582 itself
970 3559 1047 3583 was
1066 3547 1290 3594 excusable,
1309 3548 1380 3584 but
1399 3548 1593 3598 probably
1610 3548 1677 3585 the
1697 3547 1872 3584 finances
1891 3546 1933 3584 of
1957 3545 2025 3583 the
2045 3544 2180 3594 priory
2198 3555 2301 3581 were

245 3590 487 3628 msuffieient
506 3602 548 3629 to
569 3602 673 3630 meet
690 3594 757 3631 the
778 3595 962 3633 demand.
1034 3597 1120 3635 The
1148 3598 1233 3635 lack
1253 3599 1295 3635 of
1319 3599 1555 3636 instruction
1585 3599 1624 3636 in
1643 3599 1712 3636 the
1734 3607 1960 3647 monastery
1977 3610 2056 3634 was
2081 3594 2219 3634 voiced
2248 3595 2301 3644 by

242 3640 347 3728 {phu
370 3641 553 3689 Bartone,
572 3643 703 3681 whose
723 3646 891 3693 petition
906 3660 1071 3696 appears
1091 3649 1222 3686 before
1239 3650 1307 3687 the
1324 3663 1459 3687 names
1475 3650 1517 3688 of
1531 3650 1599 3688 the
1617 3659 1695 3687 two
1713 3649 1885 3687 deacons
1904 3648 1983 3686 and
2001 3657 2079 3685 two
2093 3645 2296 3684 exorcists.

280 3692 446 3743 robably
465 3693 636 3732 Bartone
654 3708 730 3732 was
750 3696 817 3733 the
835 3698 967 3735 senior
986 3699 1027 3735 of
1052 3699 1119 3736 the
1138 3712 1321 3749 younger
1337 3714 1487 3739 canons
1506 3701 1585 3739 and
1605 3701 1721 3739 acted
1739 3713 1781 3738 as
1799 3700 1901 3738 their
1918 3699 2168 3750 spokesman.

347 3742 363 3767 ⁴
388 3743 455 3781 Le.
474 3745 630 3782 outside
649 3746 716 3783 the
733 3747 903 3785 cloister.

345 3792 361 3817 ⁶
387 3793 546 3853 This-is
573 3797 776 3847 expressly
795 3798 1004 3837 forbidden
1031 3800 1070 3837 in
1098 3800 1166 3838 the
1197 3801 1486 3840 consuetudines
1514 3802 1556 3840 of
1582 3802 1854 3841 Saint-Victor
1871 3810 1911 3839 at
1939 3801 2062 3846 Paris,
2081 3811 2168 3849 cap.
2188 3806 2292 3836 xlx:

243 3843 310 3882 ‘In
331 3845 537 3884 refectorio
555 3858 690 3885 nostro
708 3849 842 3887 nullus
860 3850 979 3888 debet
997 3852 1215 3898 comedere,
1235 3854 1310 3891 nisi
1336 3853 1387 3892 de
1414 3854 1606 3903 religione
1626 3855 1748 3893 fuerit
1762 3854 1771 3872 ’
1791 3853 2007 3902 (Martene,
2028 3854 2090 3891 De
2107 3850 2294 3901 Antiquis-

2474 3240 2476 3250 -
2470 3153 2476 3177 μ-
2471 3109 2476 3127 ,.
2472 3081 2476 3087 ..
2468 3017 2476 3065 ·..;-
2466 2930 2476 3004 ......;=
2462 2768 2476 2917 :.·½·.Aa.›affl*
2464 2750 2467 2751 ¹
2464 2732 2467 2733 ¹
