2488 4296
271 427 355 485 59
730 402 1216 462 ALNWICK'S
1300 398 1865 459 VISITATIONS

275 564 629 611 committimus
652 565 702 608 et
723 560 1016 607 mandamus
1039 559 1282 620 quatinus,
1302 557 1474 602 audito
1497 570 1587 614 per
1609 553 1720 601 vos1
1743 557 1980 614 compoto
2003 555 2316 602 administra-

280 628 438 674 cionis
476 627 630 685 ipsius
665 624 830 670 fratris
865 623 998 669 facte
1030 623 1082 667 in
1117 622 1261 667 bonis
1285 621 1419 665 dicte
1443 618 1602 672 celle,²
1625 621 1674 664 et
1696 619 1805 664 viso
1828 633 1918 677 per
1941 634 2030 665 vos
2053 623 2098 665 vt
2121 634 2317 679 repara-

279 692 448 737 ciones
471 687 754 734 huiusmodi
779 700 1065 731 mansorum
1089 687 1138 730 et
1171 683 1507 730 cancellorum
1531 681 1702 727 debite
1725 680 1847 726 fiant
1868 696 1929 728 ac
1951 682 2216 744 vnicuique
2239 683 2319 730 cui

277 768 341 800 ex
374 753 546 798 debito
579 753 776 796 tenetur
808 764 898 808 per
933 762 1046 794 eum
1080 746 1350 802 satisfacto,
1374 745 1455 791 vel
1485 745 1637 791 solum
1661 745 1713 789 in
1736 744 1902 790 officio
1926 746 2174 805 prioratus
2198 746 2319 793 dicti

279 816 403 862 celle
422 818 466 860 vt
489 814 663 860 ibidem
681 811 995 873 personaliter
1018 809 1237 856 resideat3
1255 810 1510 868 deputare,
1529 807 1609 853 vel
1631 809 1742 867 ipso
1765 809 1830 853 ab
1853 808 1938 854 illo
1963 808 2128 855 officio
2150 813 2320 856 amoto

278 879 429 925 alium
459 878 567 933 sibi,
592 877 676 938 qui
711 890 879 922 curam
913 874 1138 920 eiusdem
1172 872 1296 919 celle
1330 872 1524 918 felicius
1558 874 1779 930 peragat,
1804 871 2104 918 substituere
2139 874 2322 919 curetis

279 943 385 988 sine
409 955 560 996 mora,
586 954 649 985 ne
672 953 789 985 cure
812 939 1034 997 ipsorum
1057 936 1343 995 monasterij
1382 938 1431 981 et
1465 934 1590 980 celle
1625 949 1715 994 per
1750 950 1902 981 vnum
1937 936 2022 997 qui
2057 936 2323 998 vtrobique

276 1003 529 1051 commode⁴
551 1002 807 1062 presidere
829 1016 931 1047 non
955 1001 1113 1060 possit
1136 998 1518 1061 quomodolibet
1542 998 1900 1058 necgligentur.

407 1077 534 1122 Item
568 1090 682 1122 cum
715 1076 766 1120 in
801 1074 979 1120 eadem
1013 1073 1151 1130 cella,
1176 1075 1229 1119 vt
1262 1073 1562 1132 premissum
1585 1075 1661 1128 est,
1687 1072 1876 1117 nouem⁵
1899 1073 2133 1119 monachi
2156 1075 2324 1133 preter

278 1141 495 1200 priorem
518 1139 650 1185 soliti
669 1139 766 1184 sint
789 1139 1026 1183 continue
1044 1136 1277 1192 residere,
1299 1137 1383 1196 qui
1403 1150 1577 1181 omnes
1599 1138 1768 1195 preter
1785 1135 2096 1182 cellerarium
2113 1136 2325 1183 chorum

276 1204 510 1249 continue
549 1202 689 1263 sequi
726 1201 981 1257 deberent,
1009 1214 1225 1259 nuncque
1259 1199 1411 1245 solum
1447 1213 1524 1243 sex
1558 1198 1682 1244 inibi
1712 1199 1980 1259 persistant,
2021 1199 2324 1259 iniungimus

277 1267 420 1312 vobis
443 1265 612 1311 abbati
636 1268 688 1310 vt
711 1267 785 1310 tot
814 1263 1089 1309 monachos
1122 1262 1313 1308 ibidem
1348 1277 1409 1308 ex
1442 1265 1608 1308 vestra
1642 1262 1999 1322 disposicione⁶
2029 1262 2326 1309 substituatis

277 1332 318 1374 et
354 1330 588 1388 deputetiS,
614 1331 736 1389 quot
773 1342 834 1373 ex
869 1327 1024 1386 ipsius
1060 1326 1186 1372 celle
1223 1326 1382 1383 bonis,
1424 1325 1533 1371 aliis
1573 1325 1805 1372 deductis
1841 1326 2091 1383 oneribus,
2126 1327 2325 1374 valeant

278 1392 556 1448 commode,
582 1390 765 1436 honeste
788 1394 829 1436 et
852 1399 1054 1449 congrue
1077 1390 1356 1435 sustentari.

406 1465 532 1510 Item
556 1479 670 1510 cum
695 1464 840 1509 nobis
866 1463 1121 1509 detectum
1145 1464 1325 1508 existat
1358 1463 1410 1508 in
1432 1463 1584 1509 certis
1607 1478 1705 1525 que
1740 1463 2015 1509 euidenciis
2039 1463 2161 1510 dicti
2185 1478 2324 1510 mon·

277 1529 443 1574 asterii
468 1529 800 1587 comperimus
825 1528 1068 1572 contineri
1087 1527 1224 1588 quod
1248 1527 1624 1572 elemosinarius
1642 1526 1768 1572 duos
1786 1541 1942 1588 equos
1961 1542 2075 1573 cum
2093 1528 2328 1586 congruis

277 1592 597 1651 apparatibus
621 1594 671 1636 et
694 1591 1045 1650 pietanciarius
1070 1591 1196 1636 duos
1220 1590 1405 1635 similes
1430 1605 1586 1652 equos
1620 1592 1671 1636 et
1704 1591 1941 1650 magister
1975 1591 2142 1650 operis
2174 1606 2327 1637 vnum

278 1669 459 1716 equum
483 1654 694 1700 similem
719 1669 831 1699 cum
854 1654 1176 1713 apparatibus
1195 1654 1475 1713 sumptibus
1498 1653 1778 1700 officiorum
1801 1668 2001 1699 suorum
2025 1656 2328 1700 sustentatos

272 1719 541 1778 prouidere,
565 1732 625 1764 ae
648 1719 949 1763 camerarius
972 1732 1060 1763 sex
1083 1732 1234 1776 capas
1258 1717 1495 1763 honestas
1519 1732 1718 1777 semper
1737 1721 1943 1778 paratas
1965 1718 2171 1764 habere⁷
2204 1721 2325 1764 tene-

279 1785 426 1827 antur
462 1796 554 1841 pro
599 1781 858 1827 monachis
901 1782 953 1826 in
997 1782 1128 1826 viam
1173 1780 1621 1840 proficiscentibus,
1669 1781 1892 1842 dictique
1936 1781 2325 1838 elemosinarius,

279 1845 642 1904 pietanciarius,
662 1845 898 1903 magister
922 1859 1129 1903 operum
1153 1847 1203 1890 et
1226 1845 1527 1890 camerarius
1549 1844 1837 1891 huiusmodi
1860 1859 2015 1891 onera
2037 1845 2136 1891 iam
2160 1845 2327 1891 subire

279 1911 522 1965 recusent,
547 1909 848 1967 iniungimus
871 1908 1014 1953 vobis
1037 1908 1207 1954 abbati
1231 1908 1282 1953 in
1305 1908 1487 1954 virtute
1511 1908 1811 1955 obediencie
1834 1911 1884 1954 et
1917 1909 2011 1954 sub
2045 1923 2176 1968 pena
2209 1923 2326 1955 con-

278 1974 497 2030 temptus
532 1974 585 2017 vt
624 1971 786 2017 dictos
820 1971 1234 2027 elemosinarium,
1273 1972 1666 2031 pietanciarium,
1699 1972 1991 2031 magistrum
2029 1986 2239 2032 operum
2278 1975 2328 2019 et

280 2035 604 2080 camerarium
628 2034 692 2080 ad
717 2035 945 2094 predicta
977 2049 1131 2081 onera
1165 2035 1427 2081 subeunda
1460 2038 1632 2081 nostra
1664 2036 1974 2092 auctoritate,
2000 2051 2150 2098 quam
2183 2035 2329 2082 vobis

280 2098 330 2143 in
354 2097 450 2144 hac
472 2103 612 2157 parte
636 2099 1004 2156 committimus,
1030 2099 1192 2146 arcius
1216 2099 1545 2158 compellatis.

408 2171 534 2217 Item
569 2185 681 2217 cum
716 2172 766 2216 in
800 2170 966 2217 officio
991 2171 1348 2228 elemosinarie,
1374 2175 1524 2231 prout
1547 2171 1803 2219 detectum
1827 2174 1915 2229 est,
1941 2172 2004 2218 sit
2027 2187 2124 2218 vna
2147 2172 2327 2219 domus

278 2234 391 2295 que⁸
413 2234 462 2295 ly
485 2234 832 2280 susterehouse
855 2238 1074 2292 vocatur,
1100 2235 1151 2281 in
1175 2250 1273 2297 qua
1302 2238 1537 2295 parentes
1571 2236 1934 2282 monachorum
1969 2238 2019 2282 et
2052 2236 2327 2282 seruientes

280 2299 564 2358 monasterij
603 2298 668 2344 ad
704 2298 910 2344 senilem
947 2299 1026 2344 vel
1062 2298 1372 2359 decrepitam
1410 2302 1594 2346 etatem
1628 2300 1709 2346 vel
1738 2300 1859 2346 alias
1881 2300 1948 2345 ad
1970 2300 2327 2360 impotenciam

280 2361 359 2407 vel
382 2362 631 2407 miseriam
650 2377 711 2407 ex
734 2362 906 2407 mundi
930 2362 1203 2408 infortunio
1223 2362 1429 2409 deducti
1452 2378 1516 2409 ex
1538 2363 1902 2410 consuetudine
1923 2363 2163 2409 laudabili
2186 2378 2324 2410 mon-

280 2425 445 2484 asterij
471 2425 535 2471 ali
559 2429 924 2471 consueuerunt
947 2440 1010 2472 ex
1027 2426 1313 2472 elemosinis
1336 2427 1623 2488 monasterij
1651 2430 1701 2473 et
1724 2428 2003 2483 sustentari,
2023 2428 2122 2473 iam
2147 2426 2326 2473 domus

280 2487 363 2533 illa
386 2503 448 2533 ex
470 2488 702 2549 quadam⁹
724 2489 960 2548 cupidine
984 2504 1127 2536 versa
1151 2493 1226 2536 est
1248 2491 1297 2535 in
1333 2490 1576 2536 abvsum²⁰
1596 2509 1605 2548 ;
1641 2491 1945 2550 iniungimus
1978 2491 2122 2536 vobis
2154 2490 2326 2537 abbati

279 2551 330 2596 in
365 2552 545 2597 virtute
582 2552 878 2598 obediencie
917 2556 966 2599 et
1003 2554 1095 2599 sub
1132 2568 1263 2613 pena
1297 2557 1615 2614 contemptus
1638 2557 1691 2600 vt
1721 2554 1927 2600 domum
1951 2554 2087 2600 illam
2110 2555 2160 2600 in
2183 2569 2326 2601 vsum

280 2614 541 2673 pristinum
580 2616 828 2662 reducatis
867 2617 1057 2678 absque
1102 2631 1255 2675 mora,
1302 2617 1661 2664 attendentes11
1695 2618 1832 2679 quod
1871 2618 2072 2678 pietatis
2106 2617 2326 2665 officium

278 2692 425 2737 super
449 2693 547 2739 quo
571 2678 871 2725 edificamini
896 2683 971 2726 est
993 2681 1187 2726 miseris
1210 2682 1261 2726 in
1285 2682 1385 2727 suis
1408 2682 1621 2728 miseriis
1645 2682 1864 2742 compati
1888 2685 1938 2727 et
1961 2682 2242 2728 subuenire.

407 2752 554 2809 (Item
579 2767 692 2798 cum
717 2767 779 2798 ex
812 2754 1174 2800 consuetudine
1207 2754 1445 2800 laudabili
1481 2755 1603 2801 dicti
1637 2756 1924 2816 monasterij
1961 2755 2238 2802 monachus
2270 2755 2323 2801 in

278 2813 516 2874 religione
551 2815 970 2877 quadragenarius
1006 2818 1072 2863 ad
1111 2818 1407 2878 temporalia
1442 2819 1769 2878 gubernanda
1805 2819 2035 2879 deputari
2069 2833 2171 2865 non
2205 2833 2321 2864 con-

279 2879 451 2934 sueuit,
475 2879 775 2938 iniungimus
797 2881 945 2939 igitur
968 2882 1111 2927 vobis
1144 2882 1315 2927 abbati
1348 2885 1412 2938 vt,
1438 2883 1479 2928 si
1513 2883 1624 2928 talis
1659 2884 1722 2928 sit
1756 2882 2067 2929 consuetudo
2102 2885 2153 2928 et
2185 2884 2323 2928 tante

279 2941 423 2986 etatis
445 2942 595 3003 aliqui
620 2942 684 2987 ad
706 2944 824 2989 talia
848 2947 1183 3004 surrogentur,
1204 2959 1291 2991 eos
1308 2948 1360 2991 vt
1385 2946 1608 3007 quiecius
1627 2946 1810 2991 diuinis
1827 2948 2007 2992 vacent
2024 2946 2320 3000 exoneretis,

285 3002 430 3065 [nisi]
461 3006 779 3052 commodum
803 3009 1089 3068 monasterij
1116 3023 1206 3068 per
1227 3009 1354 3055 tales
1375 3010 1512 3055 iuxta
1533 3012 1750 3055 vestram
1774 3009 2138 3055 discrecionem
2165 3009 2325 3068 possit

280 3067 444 3113 vtilius
466 3070 733 3127 procurari,
751 3071 887 3131 quod
910 3072 1081 3133 vtique
1102 3073 1254 3118 vestri
1279 3073 1595 3119 consciencie
1613 3072 1844 3118 duximus
1867 3071 2327 3134 relinquendum).²²

381 3178 395 3202 ¹
421 3185 545 3216 vestra
564 3182 785 3218 auctoritate
802 3183 1019 3224 cancelled.

380 3227 397 3251 2
416 3236 491 3278 per
507 3232 628 3279 ipsum
635 3233 739 3279 facte
758 3235 973 3272 cancelled.

381 3279 397 3303 ³
425 3282 639 3320 Interlined
655 3284 781 3321 above
797 3287 916 3321 solum
935 3286 1149 3325 cancelled.

381 3330 397 3354 4
425 3333 641 3370 Interlined
657 3335 782 3372 above
799 3348 881 3373 cum
901 3337 1029 3373 eadem
1049 3339 1237 3376 instancia
1256 3339 1471 3378 cancelled.

381 3381 396 3405 ⁶
424 3384 639 3421 Interlined
657 3386 782 3423 above
800 3394 874 3423 octo
892 3389 1106 3427 cancelled.

383 3432 399 3456 ⁶
422 3435 633 3483 persistant
658 3438 870 3476 cancelled.

384 3483 399 3508 ⁷
424 3490 465 3520 vt
489 3487 703 3524 cancelled.

383 3534 399 3558 ⁸
423 3537 476 3573 sit
501 3538 716 3575 cancelled.

381 3585 397 3609 ⁹
423 3599 534 3624 causa
552 3589 766 3627 cancelled.

365 3636 395 3660 ¹0
421 3638 556 3675 Alium
576 3651 702 3676 seems
722 3650 763 3677 to
782 3639 881 3678 have
902 3642 1002 3678 been
1022 3643 1170 3692 begun,
1192 3644 1267 3682 and
1288 3648 1388 3684 alto
1407 3646 1507 3684 have
1530 3648 1628 3685 been
1657 3647 1808 3686 altered
1835 3649 1920 3686 into
1936 3648 1995 3686 ab.
2053 3646 2137 3685 The
2165 3647 2199 3696 b,
2222 3647 2329 3684 how-

279 3700 383 3735 ever,
401 3688 553 3726 clashes
571 3689 664 3726 with
684 3689 751 3727 the
769 3703 793 3727 v
811 3690 853 3728 of
868 3705 986 3740 vsum,
1006 3706 1049 3731 so
1068 3694 1156 3731 that
1174 3695 1241 3733 the
1260 3697 1367 3734 word
1385 3697 1500 3735 looks
1518 3698 1598 3736 like
1615 3712 1759 3738 avsum.

366 3738 397 3763 ¹¹
424 3739 523 3788 quod
538 3742 753 3780 cancelled.

367 3789 398 3814 ¹²
425 3790 525 3829 This
543 3791 762 3841 injunction
782 3791 815 3830 is
833 3793 1047 3834 cancelled.
