2476 4412
305 498 381 536 Il
754 469 1240 530 ALNWICK’S
1324 464 1890 525 VISITATIONS

304 634 532 680 acionem
571 644 710 676 suam
749 626 1034 674 huiusmodi
1073 626 1124 670 in
1163 626 1294 670 statu
1332 636 1432 685 quo
1470 624 1591 668 tunc
1630 623 1736 667 erat
1773 635 1930 683 Vsque
1968 622 2020 667 in
2061 622 2344 681 crastinum,

304 696 538 742 videlicet
570 694 702 753 xxvij
740 692 874 738 diem
908 689 1092 735 mensis
1125 687 1355 749 Januarii‚
1381 685 1697 745 presentibus
1734 685 1964 746 Depyng,
1991 686 2115 745 Bug,
2139 686 2347 746 Thorpe

305 764 355 806 et
379 773 458 804 me
483 757 732 804 Colstone.
803 754 1008 799 Interim
1030 766 1150 798 vero
1178 751 1314 796 idem
1350 750 1566 809 Depyng
1599 749 1812 794 accessit
1844 748 1910 794 ad
1942 748 2264 795 infirmariam
2297 752 2348 796 et

304 822 494 868 ibidem
538 820 742 865 fratrem
788 816 1097 862 Willelmum
1152 811 1438 873 Waynflete
1492 813 1710 874 grauiter
1763 810 2067 857 infirmatum
2122 813 2347 859 similiter

307 883 621 938 examinauit,
646 885 696 927 et
730 884 843 940 post
877 878 972 925 hec
1004 878 1069 923 ad
1103 891 1352 923 cameram
1387 875 1724 934 subcellerarij
1751 875 1874 920 dicti
1898 877 2184 936 monasterij
2210 877 2348 922 iuxta

305 948 570 1008 coquinam
605 945 816 990 accessit
851 946 900 988 et
934 941 1124 987 ibidem
1162 940 1367 985 fratrem
1402 938 1653 984 Thomam
1688 938 1909 984 Bartone
1941 938 2346 985 subcellerarium

304 1012 467 1070 primo
510 1012 560 1054 et
604 1006 789 1053 deinde
832 1005 1037 1051 fratrem
1081 1003 1390 1049 Willelmurn
1443 1001 1708 1062 Bekeryng
1761 1003 2077 1059 examinauit,
2133 1016 2346 1064 quorum

305 1073 655 1133 deposiciones
700 1070 858 1115 eciam
902 1068 1109 1113 inferius
1154 1066 1549 1112 conscribuntur.
1650 1065 1709 1110 In
1762 1079 1864 1126 quo
1917 1067 2136 1112 crastino
2182 1066 2346 1112 dictus

303 1135 608 1183 reuerendus
630 1136 785 1193 pater,
810 1133 860 1177 in
886 1132 1020 1176 dicta
1044 1131 1196 1176 domo
1221 1129 1479 1188 capitulari
1514 1129 1564 1173 in
1598 1127 1884 1174 huiusmodi
1919 1143 2007 1175 sue
2039 1129 2347 1176 visitacionis

303 1201 516 1258 negocio
550 1200 602 1243 vt
634 1197 771 1256 prius
803 1195 1101 1241 iudicialiter
1135 1193 1317 1239 sedens
1349 1206 1442 1252 pro
1475 1191 1725 1247 tribunali,
1755 1192 1969 1245 detecta,
1995 1192 2347 1252 deposiciones

303 1266 352 1309 et
398 1263 654 1320 comperta
698 1273 787 1318 per
832 1257 1117 1303 huiusmodi
1162 1256 1544 1317 inquisicionem
1589 1270 1743 1312 suam,
1790 1255 1924 1301 facta
1977 1256 2206 1315 primitus
2250 1257 2347 1302 sibi

301 1325 550 1371 relacione
574 1337 663 1382 per
681 1323 870 1368 dictum
896 1322 1112 1381 Depyng
1135 1320 1199 1365 de
1219 1319 1422 1375 eisdem,
1443 1318 1717 1378 publicauit
1735 1322 1785 1364 et
1803 1333 1861 1365 ea
1878 1320 2045 1365 omnia
2066 1320 2118 1365 in
2141 1319 2345 1379 publico

301 1389 399 1448 legi
433 1387 553 1433 fecit
586 1390 635 1432 et
671 1420 680 1432 .
718 1422 727 1431 .
765 1421 774 1431 .
812 1421 821 1431 .
859 1385 1009 1430 dauit.
1101 1384 1167 1428 Et
1189 1384 1306 1444 quia
1327 1383 1456 1427 inter
1481 1385 1647 1428 cetera
1669 1383 1838 1428 omnia
1860 1386 2174 1443 compertum
2196 1385 2272 1429 est
2293 1383 2345 1429 in

303 1450 588 1497 huiusmodi
627 1449 957 1510 inquisicione
994 1447 1161 1510 plures
1201 1446 1476 1492 monachos
1516 1459 1665 1504 super
1705 1446 1930 1505 pluribus
1969 1446 2260 1493 criminibus
2293 1449 2345 1492 et

302 1514 589 1560 excessibus
625 1527 684 1558 ac
721 1511 1003 1558 defectibus
1040 1511 1134 1556 sibi
1172 1510 1399 1555 detectos
1437 1512 1486 1555 et
1523 1509 1730 1566 delatos,
1757 1510 1828 1556 eis
1865 1509 2064 1556 detecta
2097 1512 2147 1556 et
2179 1509 2347 1556 delata

303 1576 588 1623 huiusmodi
625 1590 687 1622 ex
722 1574 888 1621 officio
925 1589 1015 1620 suo
1051 1574 1250 1630 obiecit,
1287 1576 1337 1619 et
1370 1573 1533 1632 primo
1567 1572 1708 1618 fratri
1741 1573 1939 1619 Thome
1964 1574 2184 1619 Bartone
2207 1573 2346 1635 quod

302 1643 409 1701 ipse
443 1640 645 1685 fratrem
680 1639 959 1700 Johannem
997 1637 1126 1683 Hale
1151 1636 1515 1683 comonachum
1542 1651 1685 1681 suum
1709 1651 1858 1696 super
1880 1637 2090 1683 crimine
2112 1636 2343 1698 adulterij

302 1719 417 1751 cum
455 1718 608 1749 vxore
646 1703 820 1748 lotoris
858 1702 1143 1760 monasterij
1186 1700 1474 1760 diffizmasset
1504 1717 1514 1756 ;
1571 1699 1709 1761 quod
1753 1699 1889 1746 idem
1931 1699 2085 1746 frater
2122 1700 2346 1746 Thomas

302 1781 536 1827 expresse
560 1766 775 1825 negauit.
831 1765 978 1810 Vnde
1013 1765 1245 1810 dominus
1284 1764 1556 1823 assignauit
1595 1763 1761 1809 eidem
1799 1763 1941 1809 fratri
1963 1763 2161 1809 Thome
2195 1763 2344 1822 diem,

303 1831 538 1877 videlicet
570 1830 701 1889 xxvij
739 1829 860 1874 dicti
895 1828 1095 1874 mensis¹
1128 1828 1360 1888 Januarij,
1397 1827 1631 1872 videlicet
1661 1831 1776 1886 post
1799 1841 1957 1873 nonas
1979 1826 2206 1873 eiusdem
2229 1827 2344 1884 diei,

304 1894 485 1940 eodem
507 1893 621 1939 loco
645 1896 695 1938 et
718 1907 885 1938 coram
909 1906 984 1949 eo,
1009 1892 1074 1937 ad
1108 1892 1424 1951 purgandum
1448 1906 1501 1936 se
1524 1905 1673 1950 super
1697 1890 1983 1936 huiusmodi
2007 1905 2217 1937 excessu
2238 1905 2344 1936 cum

303 1957 500 2003 duobus
533 1956 792 2002 monachis
826 1955 1160 2001 confratribus
1194 1956 1294 2000 suis
1328 1958 1378 2000 et
1412 1957 1578 2000 cetera
1601 1954 1889 2000 faciendum
1913 1958 1962 2000 et
1985 1954 2343 2014 recipiendum.

302 2021 537 2066 Similiter
560 2020 746 2065 obiecit
779 2019 1015 2064 fratribus
1042 2018 1265 2064 Henrico
1292 2018 1533 2063 Lincolne
1557 2022 1606 2063 et
1629 2017 1887 2064 Willelmo
1912 2017 2183 2079 Croyland²
2203 2032 2346 2064 vsum

301 2084 623 2143 potacionum
657 2085 771 2142 post
805 2082 1190 2141 completorium
1224 2096 1286 2127 ex
1321 2081 1683 2127 consuetudine
1714 2099 1723 2137 ς
1770 2081 1908 2142 quod
1942 2084 2128 2140 negant
2157 2099 2166 2131 :
2213 2081 2347 2127 vnde

301 2147 489 2193 habent
525 2146 731 2192 eosdem
766 2146 1034 2191 terminum
1069 2148 1120 2191 et
1154 2145 1321 2191 locum
1360 2145 1426 2190 ad
1461 2145 1776 2204 purgandum
1799 2160 1853 2190 se
1876 2159 1990 2191 cum
2011 2146 2044 2206 ij
2070 2145 2344 2203 monachis,

300 2213 411 2267 etc.‚
436 2224 529 2269 pro
559 2212 783 2271 vtroque.
854 2209 981 2255 Item
1016 2209 1202 2254 obiecit
1234 2208 1374 2254 fratri
1412 2208 1629 2254 Ricardo
1667 2209 1911 2269 Parteney
1944 2209 2303 2268 proprietatem
2334 2225 2344 2265 ;

301 2273 438 2335 quod
468 2274 627 2319 eciam
662 2275 846 2332 negat:
880 2272 1013 2318 vnde
1048 2272 1202 2318 habet
1234 2273 1502 2318 terminum
1535 2275 1651 2331 post
1683 2287 1867 2318 nonam
1901 2272 2127 2318 eiusdem
2161 2272 2262 2318 diei
2297 2275 2347 2317 et

299 2337 481 2383 eodem
510 2336 623 2382 loco
657 2337 724 2382 ad
757 2336 1073 2395 purgandum
1109 2351 1163 2382 se
1203 2350 1315 2382 cum
1351 2336 1383 2395 ij
1423 2335 1699 2381 monachis.
1793 2336 1921 2382 Item
1957 2336 2144 2382 obiecit
2180 2335 2347 2382 eidem

298 2400 437 2446 fratri
477 2399 694 2445 Ricardo
737 2399 911 2444 ludum
955 2399 1209 2456 alearum;
1253 2399 1390 2459 quod
1427 2399 1678 2445 humiliter
1718 2414 1772 2444 se
1807 2399 1990 2445 fatetur
2027 2400 2344 2446 exercuisse:

298 2463 430 2509 vnde
455 2463 686 2509 dominus
709 2463 921 2508 iniunxit
944 2463 1038 2508 sibi
1056 2466 1108 2508 vt
1131 2462 1260 2508 infra
1277 2462 1558 2522 proximam
1575 2462 1881 2524 quindenam
1903 2466 2071 2522 preter
2089 2462 2345 2509 residuum

243 2567 256 2579 ,
298 2527 563 2573 seruicium
609 2530 659 2572 et
703 2526 1055 2572 ceremonialia
1099 2526 1235 2572 dicat
1278 2540 1418 2572 more
1473 2527 1718 2585 penitenti
1772 2527 1989 2585 primum
2045 2529 2344 2572 nocturnum

298 2591 517 2650 psalterij
545 2589 762 2635 dauitici.
834 2590 962 2635 Item
999 2590 1186 2635 obiecit
1221 2589 1363 2635 fratri
1398 2589 1613 2650 Johanni
1653 2589 1787 2635 Hole
1822 2589 2113 2649 periurium³
2148 2590 2339 2635 subtra-

299 2653 453 2700 hendi
489 2667 542 2699 se
577 2668 607 2699 a
643 2653 990 2699 celebracione
1027 2654 1177 2699 misse
1215 2667 1308 2712 pro
1345 2666 1463 2712 rege
1498 2654 1550 2698 in
1583 2667 1731 2699 cursu
1765 2668 1868 2710 suo,
1904 2653 1970 2699 ad
2003 2653 2141 2715 quod
2165 2653 2346 2713 singuli

299 2718 444 2762 iurati
468 2719 592 2762 sunt.
663 2717 864 2777 Objecit
888 2718 1047 2762 eciam
1070 2718 1165 2762 sibi
1189 2717 1379 2763 crimen
1402 2716 1631 2777 adulterij
1659 2719 1709 2762 et
1731 2717 1950 2763 incestus
1973 2731 2087 2762 cum
2118 2716 2348 2778 Johanna

303 2781 473 2826 Raven
498 2780 562 2826 de
597 2780 861 2840 Bardeney
895 2781 1194 2840 coniugata;
1230 2795 1327 2841 que
1362 2781 1530 2826 omnia
1563 2784 1747 2839 negat:
1782 2780 1916 2826 vnde
1950 2780 2105 2826 habet
2138 2780 2346 2827 eosdem

299 2844 565 2889 terminum
603 2847 653 2889 et
691 2843 857 2889 locum
895 2843 961 2889 ad
1000 2843 1316 2903 purgandum
1354 2858 1408 2889 se
1447 2858 1562 2889 cum
1600 2844 1650 2904 iij
1699 2844 1959 2890 monachis
1997 2858 2090 2904 pro
2134 2846 2346 2906 vtroque

299 2907 520 2952 articulo.
591 2907 717 2952 Item
741 2907 928 2967 objecit
950 2907 1091 2953 fratri
1121 2907 1335 2968 Johanni
1361 2907 1522 2967 Bracy
1546 2907 1735 2953 crimen
1769 2907 1999 2968 adulterij
2037 2923 2151 2953 curn
2186 2907 2347 2954 Elena

300 2970 421 3027 Cok,
462 2984 620 3030 nuper
657 2970 721 3016 de
760 2971 1036 3031 Bardeney,
1075 2986 1208 3016 nunc
1244 2970 1308 3017 de
1343 2970 1555 3031 Tumby,
1594 2972 1894 3030 coniugata;
1935 2971 2074 3032 quod
2110 2985 2346 3031 expresse

298 3034 499 3092 negauit
524 3050 534 3079 z
568 3033 701 3079 vnde
724 3033 878 3080 habet
901 3035 1108 3081 eosdem
1131 3035 1398 3080 terminum
1421 3036 1472 3079 et
1493 3035 1660 3080 locum
1694 3035 1759 3080 ad
1793 3034 2110 3094 purgandum
2143 3049 2198 3081 se
2231 3049 2346 3081 cum

299 3097 350 3155 iij
393 3096 664 3154 monachis,
703 3100 796 3143 etc.
888 3098 1088 3144 Deinde
1130 3099 1247 3160 quia
1286 3098 1542 3144 detectum
1581 3100 1688 3144 erat
1726 3098 1934 3144 domino
1972 3099 2023 3144 in
2059 3097 2346 3144 huiusmodi

295 3208 400 3246 shire
419 3209 566 3258 abbeys
584 3210 664 3246 and
690 3209 742 3247 its
760 3211 1022 3259 possessions,
1044 3211 1124 3248 and
1151 3211 1182 3247 it
1208 3211 1241 3248 is
1259 3220 1328 3248 not
1347 3211 1518 3248 unusual
1545 3221 1586 3248 to
1604 3211 1685 3248 find
1715 3224 1878 3261 persons
1896 3212 1996 3249 from
2015 3211 2082 3248 the
2101 3218 2290 3262 property
2307 3210 2350 3248 of

297 3271 372 3297 one
392 3268 614 3308 monastery
633 3262 816 3310 entering
834 3262 1004 3311 religion
1025 3264 1065 3300 in
1084 3263 1252 3300 another
1270 3262 1394 3300 house
1414 3263 1455 3299 of
1478 3263 1546 3300 the
1572 3276 1679 3300 same
1700 3263 1826 3300 order.
1898 3262 1986 3301 The
2014 3275 2131 3300 name
2159 3262 2201 3300 of
2227 3262 2348 3300 Haw·

297 3317 391 3347 tone
419 3309 452 3346 is
480 3317 547 3348 too
575 3311 739 3359 general
767 3313 827 3349 for
855 3314 1022 3362 positive
1050 3313 1354 3351 identification.
1409 3313 1580 3352 Sallowe
1608 3315 1640 3352 is
1672 3314 1740 3352 the
1769 3314 1884 3352 usual
1913 3315 2014 3352 {orm
2043 3313 2086 3352 of
2121 3313 2279 3365 Sawley
2305 3313 2346 3352 in

300 3360 553 3410 Derbysffire,
572 3361 689 3399 while
709 3362 876 3401 Yorke's
896 3377 1011 3401 name
1031 3365 1153 3402 needs
1173 3378 1225 3402 no
1243 3374 1455 3403 comment.

398 3430 412 3454 ¹
438 3431 684 3481 Fc[bruarij]
714 3433 934 3472 cancelled.

397 3480 416 3556 Ξ
440 3483 572 3572 ἓιιιιέιιηι
596 3485 771 3522 alearum
798 3485 1015 3524 cancelled.

402 3622 415 3647 ¹
443 3623 691 3674 Apparently
709 3624 759 3661 he
778 3638 856 3663 was
877 3635 944 3664 too
965 3628 1007 3665 ill
1028 3638 1070 3666 to
1089 3642 1253 3676 answer,
1276 3643 1318 3667 as
1337 3630 1399 3667 his
1418 3630 1557 3668 detecta
1578 3645 1643 3670 are
1662 3638 1731 3669 not
1752 3632 1954 3681 reported.

404 3673 422 3696 ²
447 3674 533 3712 The
553 3675 720 3712 checker
738 3689 781 3713 or
800 3677 911 3714 office
931 3678 973 3715 of
990 3679 1056 3716 the
1077 3681 1335 3718 sub-cellarer
1354 3682 1387 3719 is
1407 3692 1556 3721 meant.
1589 3683 1791 3732 similarly
1809 3693 1848 3719 at
1869 3682 2048 3721 Durham
2068 3683 2135 3721 the
2150 3682 2347 3722 cellarer’s

298 3724 465 3823 {2203‘0‘
483 3726 1239 3823 ἒῖΐῆὲζὲὶῧῆθεεεῇξῑζῗῑξᾟὲ
1497 3733 1704 3824 &stite
1722 3734 1889 3822 'Q'
1909 3734 2146 3823 ww
2166 3733 2348 3821 [Sim

382 3803 423 3849 '³‘
441 3788 539 3865 ”Pfhis
557 3804 590 3865 is
608 3828 676 3866 the
697 3806 801 3866 force·
820 3829 861 3866 of
877 3830 944 3867 the
963 3784 1215 3881 subjtomecgve
1236 3793 1368 3872 rr’igbd2
1395 3787 1505 3873 0432
1520 3798 1702 3875 detilezturr}
1723 3837 1757 3874 is
1771 3785 2342 3887 ⁴re3<3rffid2uoffi³liffa3nissest

296 3875 364 3914 the
381 3883 604 3928 compertum
624 3878 756 3916 would
775 3879 874 3918 have
894 3881 993 3919 been
1014 3883 1144 3920 stated
1162 3884 1261 3934 quod
1277 3885 1563 3935 dtjffamavcrat.
