2488 4296
190 378 266 436 93
643 358 1132 418 ALNWICK’S
1214 358 1780 418 VISITATIONS

321 518 378 563 In
415 517 602 576 primis,
627 516 836 563 sedente
873 517 1010 562 dicto
1034 517 1314 564 reuerendo
1344 520 1485 577 patre
1509 517 1657 564 dictis
1681 517 1776 574 die,
1802 533 1935 564 anno
1958 520 2009 564 et
2031 518 2145 565 loco
2178 519 2229 564 in

192 580 476 626 huiusmodi
512 581 724 639 negocio
759 580 1063 626 visitacionis
1100 596 1187 628 sue
1223 581 1510 627 inchoando
1546 581 1842 627 iudicialiter
1865 596 1957 642 pro
1979 582 2228 638 tribunali,

189 645 352 704 primo
375 647 424 690 et
447 646 562 689 ante
585 644 765 698 omnia,
791 644 1054 690 assistente
1072 646 1322 703 magistro,
1344 645 1492 690 sociis
1514 645 1769 704 perpetuis
1792 648 1842 690 et
1865 645 1972 690 aliis
1991 645 2230 691 ministris

194 707 316 754 dicti
350 706 545 766 collegii
579 706 787 768 aliisque
820 706 1044 766 pluribus
1068 708 1118 752 in
1142 708 1458 761 multitudine
1481 722 1583 754 non
1606 722 1778 767 pauca,
1803 709 2116 768 propositum
2138 708 2232 754 fuit

191 771 399 817 verbum
437 770 640 815 Domini
677 785 767 829 per
803 770 1070 816 honestum
1104 771 1264 817 virum
1287 772 1579 831 magistrum
1614 771 1862 817 Thomam
1902 770 2152 826 Duffelde,
2178 772 2231 818 in

192 849 332 880 sacra
354 834 609 892 theologia
633 833 966 890 bacallarium,
987 838 1278 895 sequentem
1301 834 1400 881 hoc
1422 834 1605 890 thema,
1634 835 1820 879 ‘Visita
1844 849 1934 880 nos
1956 835 2006 880 in
2030 835 2231 881 salutari

190 896 307 954 tuo,’
332 895 453 943 etc.¹
536 897 647 955 Quo
670 897 838 955 lingua
860 897 1013 943 latina
1035 897 1350 944 laudabiliter
1372 897 1528 943 finita²
1550 898 1829 959 amotisque
1853 898 2084 944 omnibus
2106 913 2232 960 quos

194 959 480 1006 huiusmodi
516 961 782 1019 negocium
819 974 920 1006 non
943 961 1194 1020 tangebat,
1221 961 1455 1007 dominus
1480 961 1724 1006 Ricardus
1747 961 1970 1017 Vautort‚
1995 962 2232 1021 magister

193 1023 314 1070 dicti
361 1023 572 1082 collegii,
614 1024 836 1083 porrexit
881 1023 1018 1070 dicto
1063 1024 1342 1071 reuerendo
1387 1025 1516 1084 patri
1561 1023 1965 1070 certificatorium
2009 1025 2232 1071 mandati

191 1087 381 1133 domini
405 1087 499 1132 sibi
523 1101 615 1146 pro
652 1087 750 1133 hoc
773 1088 985 1146 negocio
1008 1088 1298 1144 transmissi,
1323 1089 1462 1134 cuius
1485 1091 1629 1133 tenor
1651 1088 1764 1133 talis
1787 1092 1875 1144 est,
1904 1092 1913 1110 ⁴
1936 1088 2233 1134 Reuerendo

189 1150 240 1196 in
265 1149 466 1197 Christo
490 1149 649 1210 patri,'
676 1154 769 1196 etc.
840 1151 950 1210 Quo
986 1151 1189 1212 quidem
1227 1150 1582 1197 certificatorio
1618 1166 1707 1210 per
1745 1166 1824 1197 me
1849 1152 2096 1197 notarium
2119 1166 2231 1211 pre-

190 1214 379 1260 dictum
417 1214 618 1273 publice
655 1214 878 1273 perlecto
916 1215 1247 1274 preconizatis
1283 1217 1333 1261 et
1369 1215 1789 1274 comparentibus,
1814 1215 1976 1274 primo
2001 1216 2236 1274 magister

188 1277 368 1324 iurauit
413 1279 711 1324 canonicam
756 1277 1108 1324 obedienciam
1153 1281 1203 1324 et
1247 1278 1474 1324 exhibuit
1517 1279 1830 1324 ereccionem
1878 1278 2095 1339 collegii⁸
2142 1279 2236 1325 sub

186 1341 349 1401 sigillo
395 1344 446 1387 et
491 1341 871 1401 subscripcione
917 1342 1140 1400 magistri
1199 1341 1397 1388 Thome
1452 1341 1582 1388 Sale⁴
1625 1344 1811 1388 statuta
1853 1343 2141 1402 conscripta
2184 1343 2236 1388 in

186 1405 407 1466 quodam
442 1408 687 1467 quaterno
731 1406 1035 1464 pergameni.
1121 1405 1364 1451 Exhibuit
1401 1405 1559 1452 eciam
1597 1405 1795 1451 titulum
1831 1421 1974 1452 suum
2012 1407 2063 1451 in
2098 1406 2236 1453 dicto

188 1468 416 1528 collegio,
441 1469 557 1530 quia
592 1472 645 1514 vt
680 1468 802 1515 dicit
825 1468 1048 1514 nondum
1084 1470 1221 1515 stetit
1254 1469 1306 1515 in
1340 1469 1482 1515 totali
1517 1469 1955 1515 administracione
1979 1470 2225 1516 bonorum

190 1532 387 1591 collegii
411 1546 500 1592 per
522 1533 772 1591 integrum
794 1547 979 1578 annum
1005 1549 1021 1589 ς
1052 1536 1102 1578 et
1136 1533 1279 1592 lapso
1314 1547 1447 1579 anno
1484 1547 1546 1578 ex
1580 1533 1775 1592 integro
1811 1536 2011 1592 paratus
2035 1533 2128 1580 erit
2159 1532 2226 1579 ad

189 1596 530 1642 exhibendum
567 1596 853 1642 huiusmodi
894 1599 1088 1642 statum.
1158 1597 1225 1642 Et
1261 1596 1446 1643 deinde
1481 1600 1749 1656 precentor
1785 1596 1907 1642 dicti
1943 1596 2141 1656 collegii
2175 1599 2227 1643 et

187 1663 363 1719 postea
386 1659 565 1719 singuli
589 1660 712 1706 socii
749 1660 979 1719 perpetui
1004 1660 1126 1706 dicti
1150 1660 1347 1719 collegii
1372 1660 1671 1717 sacerdotes,
1696 1659 1931 1706 videlicet
1953 1675 2078 1706 vnus
2111 1663 2226 1720 post

187 1723 353 1779 alium,
377 1723 600 1769 iurarunt
622 1723 971 1770 obedienciam
995 1724 1274 1770 manualem
1299 1724 1436 1770 dicto
1454 1723 1733 1770 reuerendo
1750 1724 1880 1784 patri
1903 1724 2227 1784 corporaliter

187 1790 323 1833 tacto
345 1786 488 1833 libro.
558 1787 624 1832 Et
647 1787 1009 1849 subsequenter
1031 1787 1167 1833 idem
1190 1787 1495 1834 reuerendus
1518 1791 1660 1846 pater
1682 1787 1748 1834 ad
1770 1787 2151 1849 inquisicionem
2174 1789 2226 1833 in

189 1850 475 1896 huiusmodi
510 1851 815 1896 visitacionis
851 1866 937 1897 sue
975 1851 1187 1910 negocio
1223 1853 1468 1911 processit
1507 1855 1557 1897 et
1600 1851 1820 1911 singulos
1860 1866 2010 1911 super
2043 1854 2227 1897 statum

189 1914 386 1974 collegii
411 1915 713 1960 examinauit
738 1917 787 1960 et
810 1915 1080 1976 inqu‘isiuit.
1149 1915 1244 1974 Qui
1281 1916 1354 1961 sic
1388 1915 1657 1962 examinati
1694 1918 1743 1961 et
1777 1915 1999 1977 inquisiti
2036 1914 2228 1961 dicunt⁶

191 1977 451 2038 deponunt
474 1992 533 2024 ea
555 1993 653 2040 que
677 1983 963 2040 sequuntur.

320 2061 564 2107 Ricardus
598 2062 821 2118 Vautort‚
848 2062 1083 2121 magister
1118 2062 1330 2122 collegii,
1357 2062 1664 2108 examinatus
1689 2062 1811 2109 dicit
1833 2062 1970 2124 quod
1994 2061 2226 2108 dominus

188 2125 442 2186 Johannes
480 2125 778 2171 Puttenham
816 2128 866 2171 et
901 2125 1136 2185 magister
1172 2126 1456 2172 Willelmus
1491 2125 1793 2186 Appultone,
1834 2126 1958 2172 socii
1997 2125 2225 2186 perpetui

190 2189 400 2249 collegii,
427 2188 738 2235 confederati
775 2191 890 2234 sunt
926 2193 975 2235 et
1012 2204 1102 2249 per
1124 2204 1213 2235 sua
1235 2190 1587 2236 conuenticula
1609 2190 1660 2235 in
1683 2190 1904 2236 tabernis
1928 2189 2142 2249 publicis
2175 2191 2226 2235 et

188 2253 297 2298 aliis
341 2252 464 2298 locis
509 2252 753 2312 suspectis
797 2257 937 2298 extra
981 2253 1248 2312 collegium
1293 2253 1466 2299 habita
1508 2253 1811 2299 induxerunt
1855 2268 2029 2299 omnes
2061 2252 2227 2299 socios

189 2319 458 2376 perpetuos
494 2323 661 2375 preter
696 2331 861 2372 vnum,
900 2316 1136 2364 videlicet
1175 2316 1431 2371 Stonham,
1473 2320 1648 2363 contra
1689 2316 1988 2374 Redburne3
2040 2319 2089 2362 et
2127 2316 2227 2362 hoc

189 2381 388 2439 penitus
423 2383 598 2425 contra
633 2382 870 2426 statutum
905 2380 1133 2436 iuratum,
1157 2381 1223 2426 ad
1260 2379 1496 2427 effectum
1530 2383 1583 2426 vt
1606 2381 1811 2426 omnino
1835 2380 2164 2440 expelleretur
2197 2395 2228 2425 a

189 2443 415 2503 collegio,
451 2458 563 2489 curn
601 2444 665 2489 sit
704 2443 912 2489 multum
951 2445 1261 2490 necessarius
1299 2444 1514 2503 collegio
1549 2445 1600 2490 in
1645 2443 1810 2490 officio
1845 2443 1983 2506 quod
2013 2446 2228 2503 occupat

189 2507 378 2552 ibidem
402 2510 452 2553 et
475 2522 576 2553 non
600 2508 663 2553 sit
686 2508 770 2569 qui
793 2508 1097 2553 contrarium
1121 2508 1336 2567 probare
1360 2508 1485 2554 sciat
1506 2511 1590 2554 aut
1611 2507 1789 2554 valeat.

319 2591 446 2637 Item
471 2591 593 2637 dicit
616 2590 753 2653 quod
777 2591 1009 2637 dominus
1030 2591 1274 2637 Ricardus
1291 2591 1522 2652 Assheby
1539 2591 1674 2648 alias,
1693 2591 2004 2651 temporibus
2025 2589 2228 2637 Ricardi

191 2656 241 2700 et
263 2654 504 2700 Willelmi
530 2669 688 2714 nuper
726 2655 1152 2701 Lincolniensium
1176 2655 1544 2714 episcoporum,
1569 2655 1817 2701 abiurauit
1840 2654 2230 2700 familiaritatem

193 2718 426 2764 Emmote
466 2718 675 2764 Masone
713 2718 777 2764 de
814 2718 1005 2775 eadem,
1044 2720 1312 2778 coniugate
1337 2736 1346 2775 ;
1384 2722 1433 2764 et
1467 2722 1635 2764 tamen
1673 2718 1958 2780 frequentat
1993 2718 2230 2764 continue

191 2782 295 2827 eius
333 2783 648 2828 consorcium
688 2786 738 2828 et
760 2782 1148 2828 familiaritatem
1172 2789 1223 2827 vt
1248 2782 1408 2835 solito,
1434 2782 1713 2828 iuramento
1738 2797 1838 2828 non
1862 2782 2095 2829 obstante
2117 2796 2227 2841 pre-

192 2845 342 2891 dicto.
424 2845 716 2905 Comparuit
740 2850 790 2891 et
812 2846 1011 2892 obiecto
1036 2846 1129 2891 sibi
1153 2846 1362 2892 articulo
1386 2849 1535 2905 negat
1557 2847 1747 2892 crimen
1772 2849 1822 2892 et
1844 2845 2231 2891 familiaritatem

192 2923 304 2954 cum
329 2909 464 2955 dicta
489 2909 723 2955 Emmota
748 2927 758 2966 ;
793 2913 845 2955 et
880 2910 1155 2955 iniunctum
1192 2913 1269 2955 est
1304 2910 1399 2955 sibi
1436 2909 1574 2970 quod
1596 2909 1662 2955 ad
1686 2909 1853 2955 statim
1876 2911 2055 2968 purget
2078 2923 2131 2954 se
2166 2908 2231 2954 de

191 2973 384 3032 negatis
407 2987 519 3019 cum
543 2974 593 3033 iij
620 2974 769 3019 sociis
792 2974 907 3018 suis.
1010 2974 1077 3018 Et
1101 2973 1286 3020 deinde
1308 2973 1539 3032 purgauit
1562 2988 1615 3018 se
1639 2988 1752 3019 cum
1776 2972 1981 3019 domino
2004 2971 2231 3034 Johanne

293 3084 306 3108 1
336 3085 400 3123 Ps.
429 3093 514 3131 ενι,
552 3098 591 3133 4.

291 3137 308 3161 2
335 3138 414 3175 Sic.

292 3187 308 3211 ³
333 3194 410 3225 stat
434 3187 650 3226 cancelled.

294 3238 310 3262 ⁴
335 3245 371 3276 et
397 3239 429 3277 is
456 3239 625 3278 needed.

293 3290 308 3314 ⁵
334 3296 371 3327 et
396 3290 430 3327 is
458 3291 631 3329 needed.

296 3380 310 3404 ¹
338 3379 424 3419 The
439 3380 547 3418 word
557 3386 769 3432 perpetuus
787 3381 827 3418 in
847 3380 926 3419 this
944 3382 1165 3420 connexion
1185 3382 1351 3420 denotes
1368 3381 1436 3420 the
1455 3390 1687 3431 permanent
1706 3388 1843 3419 nature
1862 3380 1904 3418 of
1919 3380 1986 3418 the
2005 3380 2239 3430 sellowship,

191 3432 318 3470 which
338 3432 575 3470 terminated
594 3432 688 3482 only
702 3432 796 3470 with
817 3433 1027 3483 voluntary
1042 3434 1286 3483 resignation
1306 3446 1349 3471 or
1367 3433 1500 3476 death,
1517 3433 1650 3471 unless
1670 3433 1721 3469 its
1741 3432 1880 3470 holder
1896 3431 2075 3470 incurred
2093 3445 2241 3469 canon-

191 3483 265 3521 ical
293 3484 558 3532 deprivation.
631 3482 742 3521 Thus
770 3497 791 3520 a
810 3490 1016 3534 perpetuus
1041 3487 1207 3522 vicarius
1226 3485 1267 3522 of
1284 3498 1305 3521 a
1323 3485 1470 3522 church
1497 3485 1529 3522 is
1550 3484 1616 3522 the
1636 3484 1774 3522 holder
1794 3483 1835 3521 of
1858 3483 1920 3521 his
1938 3484 2120 3532 vicarage
2147 3497 2189 3520 as
2215 3497 2239 3520 a

192 3535 368 3573 freehold
389 3534 562 3572 benefice
582 3535 676 3572 with
696 3549 718 3571 a
738 3535 866 3572 stated
886 3536 1149 3574 endowment.
1166 3550 1207 3574 as
1227 3536 1406 3586 opposed
1428 3545 1468 3573 to
1487 3549 1508 3572 a
1528 3539 1692 3574 vicarius
1710 3549 1754 3572 or
1772 3541 1923 3573 curatus
1941 3535 2178 3572 conducti-vus
2195 3547 2238 3571 or

193 3588 393 3633 amotivus,
413 3586 502 3623 w'no
522 3599 597 3623 was
616 3587 841 3623 removable
860 3599 898 3623 at
918 3587 984 3624 the
1003 3587 1083 3624 will
1103 3587 1144 3625 of
1160 3587 1226 3625 the
1244 3598 1372 3625 rector
1389 3600 1433 3625 or
1451 3588 1725 3637 appropriator
1740 3587 1781 3624 of
1796 3600 1819 3623 a
1837 3586 1984 3624 church
2003 3585 2081 3623 and
2100 3585 2240 3624 served

192 3638 273 3676 him
291 3638 350 3675 for
368 3651 390 3674 a
408 3638 539 3687 salary
556 3637 701 3686 agreed
720 3650 827 3687 upon
850 3638 899 3687 by
918 3639 1068 3687 private
1086 3649 1376 3689 arrangement.

194 3739 209 3778 f
293 3688 310 3712 2
338 3688 401 3727 He
419 3689 499 3726 had
519 3690 616 3726 been
637 3688 850 3726 instituted
869 3700 910 3727 to
929 3688 995 3727 the
1014 3690 1252 3741 mastership
1271 3703 1322 3728 on
1342 3691 1364 3727 8
1384 3690 1489 3736 Jan.,
1512 3691 1664 3738 1437-8,
1682 3698 1722 3727 at
1741 3689 1946 3728 stamford
1969 3688 2088 3740 (Reg.
2105 3697 2236 3736 XV111,

210 3767 221 3779 .
249 3748 318 3786 117
342 3768 351 3778 .

294 3791 310 3815 ³
323 3740 555 3841 >Evidently
575 3789 782 3830 Colstone.
