2476 4412
302 467 377 524 17
787 448 1273 507 ALNWICK'S
1357 445 1875 505 VISITATION

437 606 620 670 [Item]
660 607 781 653 dicit
813 607 951 669 quod
984 605 1189 668 quidam
1225 604 1456 651 monachi
1492 607 1595 651 tam
1617 607 1846 665 tempore
1870 605 2168 653 refeccionis
2191 622 2341 670 quam

303 674 419 718 ante
442 675 492 718 et
514 675 628 730 post
663 685 764 716 non
800 672 1032 716 verentur
1069 671 1294 715 eructare
1330 668 1570 714 vilissimo
1607 669 1745 714 modo
1779 671 1983 715 ventum
2019 671 2083 716 ab
2118 671 2343 718 inferiori

302 735 470 791 latere,
497 741 545 780 et
569 735 610 780 si
634 735 742 794 quis
767 735 836 779 eis
859 734 910 778 in
934 733 1033 779 hoc
1057 732 1238 778 dixerit
1272 732 1439 777 statim
1472 735 1805 791 prorumpunt
1839 733 1891 778 in
1926 733 2081 780 verba
2116 738 2341 781 contum-

303 798 469 844 eliosa.

435 857 616 922 [Item]
657 859 778 905 dicit
811 860 959 919 plane
993 859 1128 920 quod
1162 859 1423 905 silencium
1447 857 1687 904 nullicubi
1711 861 1937 905 seruatur
1959 860 2042 906 vbi
2067 861 2343 908 secundum

301 924 554 983 religionis
577 924 800 969 instituta
823 923 1030 969 deberet
1054 923 1257 968 seruari.

433 986 614 1048 [Item]
644 987 766 1032 dicit
787 986 923 1046 quod
949 987 1168 1032 Bartone
1192 1000 1293 1031 non
1317 987 1392 1031 est
1415 985 1822 1045 circumspectus,
1847 987 1962 1046 quia
1986 1001 2100 1033 cum
2122 987 2342 1035 frumen-

300 1053 406 1096 tum
439 1054 489 1096 et
522 1053 687 1096 cetera
711 1063 864 1108 grana
887 1049 1086 1095 fuerunt
1110 1050 1229 1095 boni
1252 1048 1370 1095 fori1
1394 1048 1552 1095 noluit
1575 1049 1738 1109 aliqua
1760 1065 1941 1107 emere,
1969 1050 2059 1096 sed
2083 1066 2176 1097 nec
2199 1066 2342 1098 orrea
2405 1069 2410 1073 ·

300 1114 383 1159 vbi
407 1127 561 1173 grana
578 1114 949 1173 reponebantur
971 1127 1216 1172 reparare,
1237 1114 1286 1157 in
1311 1115 1504 1157 tantum
1523 1113 1658 1171 quod
1682 1126 1837 1172 grana
1860 1113 1943 1159 illa
1961 1116 2099 1173 quasi
2122 1115 2342 1162 totaliter

301 1177 654 1286 {ifelisgguntur;
691 1179 739 1222 et
762 1191 934 1222 verum
958 1180 1031 1223 est
1055 1175 1189 1237 quod
1229 1176 1337 1235 ipse
1375 1176 1596 1222 Bartone
1632 1190 1734 1222 non
1770 1179 1846 1223 est
1881 1178 2012 1223 vtilis
2048 1192 2141 1238 pro
2175 1179 2342 1239 aliquo

432 1323 547 1384 [Fo.
575 1321 677 1383 34]
751 1321 957 1383 (Contra
982 1323 1235 1381 Bartone.)
1305 1323 1479 1368 Frater
1502 1322 1787 1369 Willelmus
1813 1324 2053 1383 Langtoft
2075 1328 2342 1384 precentor

301 1386 423 1431 dicit
458 1386 592 1445 quod
627 1385 781 1431 frater
816 1386 1039 1432 Thomas
1077 1386 1297 1432 Bartone
1334 1386 1427 1431 fuit
1464 1386 1514 1431 in
1553 1401 1700 1432 causa
1723 1387 1859 1446 quod
1883 1387 2037 1434 frater
2059 1388 2344 1435 Willelmus

299 1449 583 1509 Waynflete
620 1452 916 1495 exoneratus
953 1449 1046 1495 fuit
1083 1449 1147 1496 de
1184 1449 1350 1495 officio
1386 1450 1579 1509 prioris,
1622 1453 1671 1496 et
1711 1450 1834 1496 dicit
1871 1451 2007 1511 quod
2046 1453 2155 1512 ipse
2189 1452 2343 1499 frater

297 1513 519 1558 Thomas
543 1515 617 1558 est
639 1515 813 1558 auctor
835 1510 996 1559 tocius'
1020 1513 1136 1558 mali
1160 1513 1210 1558 in
1235 1514 1345 1572 ipso
1370 1515 1689 1560 monasterio.

426 1577 553 1622 Item
590 1576 711 1622 dicit
748 1576 812 1622 de
848 1577 1108 1622 monachis
1144 1591 1245 1623 non
1281 1576 1628 1623 reddentibus²
1663 1579 1714 1623 vt
1754 1592 1917 1638 supra,
1959 1593 2072 1625 cum
2115 1580 2344 1626 steterint

297 1639 510 1699 professi
533 1654 624 1699 per
647 1641 976 1699 septennium.

427 1704 555 1749 Item
579 1703 700 1749 dicit
724 1703 788 1749 de
811 1704 952 1749 ruina
976 1704 1200 1761 ecclesie,
1228 1702 1369 1750 chori
1394 1706 1444 1750 et
1466 1704 1676 1751 aliorum
1701 1703 2012 1752 edificiorum
2035 1707 2340 1769 monasterij,

298 1769 350 1811 vt
374 1781 430 1812 su
469 1781 535 1813 ra.

428 1781 555 1876 Rem
580 1830 701 1876 dicit
723 1829 859 1890 quod
881 1831 1101 1877 cantarie
1120 1830 1184 1876 de
1205 1831 1451 1892 Parteney
1470 1833 1519 1877 et
1543 1831 1834 1894 Skendylby
1851 1847 1942 1893 per
1964 1833 2342 1881 ordinacionem

299 1893 489 1938 domini
517 1893 718 1939 Ricardi
751 1907 909 1953 nuper
945 1894 1308 1941 Lincolniensis
1343 1895 1568 1954 episcopi
1603 1896 1918 1942 celebrantur
1953 1897 2004 1945 in
2037 1899 2343 1945 monasterio

298 1971 388 2015 per
406 1957 692 2013 monachos,
713 1960 762 2002 et
784 1959 952 2003 tamen
971 1972 1072 2003 non
1092 1959 1304 2004 seruitur
1325 1959 1588 2005 monachis
1606 1960 1976 2007 celebrantibus
1999 1960 2135 2007 iuxta
2154 1961 2343 2008 dictam

299 2019 689 2066 ordinacionem.

428 2084 555 2129 Item
578 2084 700 2130 dicit
723 2083 856 2144 quod
880 2084 1086 2143 quilibet
1109 2084 1385 2131 monachus
1408 2087 1691 2145 perciperet
1715 2086 1780 2132 de
1803 2087 1972 2134 officio
1996 2087 2343 2135 elemosinarie

298 2148 552 2192 annuatim
591 2148 708 2207 xijd.
750 2148 815 2194 ad
854 2162 944 2207 par
983 2147 1298 2194 cultellorum
1338 2151 1387 2195 et
1425 2150 1542 2209 xijd.
1585 2150 1651 2196 ad
1696 2151 1904 2210 species,
1953 2153 2002 2197 et
2046 2152 2145 2196 iam
2189 2151 2344 2198 frater

298 2210 520 2256 Thomas
558 2211 790 2268 Bartone,
831 2225 1084 2271 occupans
1119 2211 1242 2258 illud
1278 2211 1511 2269 officium,
1549 2213 1706 2260 nichil
1749 2216 1955 2261 omnino
2001 2214 2149 2260 soluit
2194 2215 2342 2262 dictis

299 2273 558 2320 monachis
582 2274 646 2320 de
670 2274 835 2321 officio
859 2274 958 2330 illo,
985 2275 1075 2321 sed
1099 2277 1149 2321 et
1178 2278 1338 2322 totum
1362 2277 1618 2336 pertinens
1643 2277 1809 2323 eidem
1833 2278 1999 2325 officio
2024 2277 2269 2338 dilapidat
2292 2282 2342 2326 et

298 2338 558 2383 consumit.

427 2401 554 2447 Item
577 2401 713 2447 idem
737 2415 991 2461 occupans
1014 2402 1233 2449 officium
1256 2403 1568 2463 pietanciarij
1606 2403 1825 2451 solueret
1848 2405 2054 2465 singulis
2078 2406 2341 2452 monachis

298 2464 519 2523 singulos
541 2466 654 2511 xxd.
681 2465 732 2510 in
755 2465 972 2525 quinque
993 2466 1199 2523 vicibus,
1225 2469 1275 2512 et
1298 2467 1437 2526 quasi
1461 2466 1617 2524 nichil
1639 2467 1819 2514 horum
1843 2469 2005 2526 soluit,
2031 2468 2122 2515 sed
2144 2468 2265 2515 fecit
2288 2471 2358 2516 se‘

298 2529 556 2573 exonerari
580 2529 645 2574 ab
670 2527 836 2574 officio
859 2529 945 2574 illo
968 2532 1083 2588 post
1106 2531 1459 2590 recepcionem
1481 2530 1704 2576 mandati
1719 2535 1843 2591 ⁴post
1865 2532 2251 2592 recepcionem.⁸

427 2592 554 2637 Item
577 2592 713 2638 idem
736 2592 1128 2638 elemosinarius⁴
1151 2594 1288 2639 daret
1315 2593 1608 2653 pauperibus
1637 2609 1730 2654 pro
1765 2596 1985 2641 obitibus
2018 2596 2258 2642 abbatum
2291 2599 2342 2643 et

297 2654 659 2700 monachorum
694 2656 843 2701 certis
878 2655 1055 2701 diebus
1080 2659 1215 2702 certa
1238 2656 1429 2703 fercula
1453 2659 1505 2702 vt
1537 2657 1589 2702 in
1612 2672 1756 2717 pane,
1782 2660 1994 2706 ceruisia
2017 2662 2067 2706 et
2091 2661 2305 2719 coquina
2330 2677 2341 2707 :

297 2718 404 2777 ipse
445 2721 612 2764 tamen
652 2719 818 2764 multis
859 2719 1036 2765 diebus
1075 2720 1277 2779 quando
1317 2720 1451 2766 bona
1490 2720 1679 2767 fercula
1719 2725 1860 2768 erant
1900 2737 2001 2769 non
2041 2724 2213 2782 egenis
2252 2723 2343 2770 sed

297 2782 470 2826 amicis
504 2782 603 2827 suis
636 2782 847 2828 tribuis.⁵
932 2782 1216 2843 Aliquando
1250 2785 1526 2841 ceruisiam,
1551 2785 1819 2845 aliquando
1850 2801 2047 2846 panem,
2072 2786 2343 2847 aliquando

298 2845 562 2904 coquinam
585 2846 830 2891 subtraxit
853 2849 902 2892 et
926 2848 1259 2893 seruientibus
1284 2847 1385 2893 suis
1418 2848 1591 2894 tribuit
1625 2852 1800 2896 contra
1834 2850 1969 2910 piam
2002 2851 2341 2897 intencionem

296 2907 631 2955 fundatorum.

423 2969 630 3032 (Contra
655 2972 907 3031 Bartone.)
970 2974 1098 3019 Item
1135 2973 1258 3021 dicit
1292 2973 1428 3034 quod
1451 2975 1581 3022 bene
1613 2976 1707 3022 sibi
1731 2976 1954 3036 placeret
1975 2980 2027 3023 vt
2050 2977 2342 3037 parcissime

296 3035 533 3091 viuerent‚
577 3035 851 3082 dummodo
890 3036 1122 3083 tenderet
1162 3038 1466 3084 monasterio
1505 3039 1571 3084 ad
1611 3040 1895 3097 comodum,
1937 3041 2028 3087 sed
2065 3041 2201 3101 quod
2244 3041 2341 3100 ipsi

296 3111 446 3156 parce
482 3099 650 3144 viuant
688 3114 780 3145 nec
818 3099 1086 3159 proficeret
1123 3100 1294 3147 domui
1332 3116 1434 3148 non
1473 3106 1603 3149 esset
1642 3103 1912 3150 voluntatis
1951 3119 2052 3161 sue,
2094 3119 2208 3151 nam
2247 3105 2341 3150 iste

298 3160 515 3207 Bartone
540 3164 614 3207 est
636 3162 747 3208 talis
771 3164 1026 3222 regiminis
1045 3165 1181 3224 quod
1204 3180 1458 3225 nunquam
1482 3167 1873 3227 prosperabatur
1895 3167 2113 3214 officium
2137 3167 2340 3228 aliquod

297 3238 347 3268 in
371 3239 519 3269 manu
544 3240 643 3271 sua.

425 3288 629 3346 (Contra
652 3289 924 3351 abbatem.)
983 3291 1109 3337 Item
1134 3307 1248 3338 cum
1272 3292 1490 3340 officium
1525 3283 1751 3342 sacr-istie¹
1783 3295 1863 3341 sit⁶
1895 3295 2090 3341 exiliter
2114 3295 2341 3341 dotatum

396 3398 408 3421 ¹
436 3401 524 3437 null
545 3401 761 3438 cancelled.

395 3448 413 3523 Ξ
438 3450 686 3538 ἓρρατεηήγ
703 3451 787 3490 first
805 3452 961 3491 written
981 3455 1229 3493 residentibus
1246 3455 1326 3493 and
1345 3456 1442 3494 then
1461 3457 1626 3497 altered.

474 3514 519 3539 ec.

396 3550 413 3574 ⁴
437 3554 599 3589 solueret
623 3553 839 3592 cancelled.

397 3601 412 3625 ⁵
439 3604 502 3641 Sic
518 3617 532 3640 .·
558 3604 619 3640 for
645 3605 798 3642 tribuit.

396 3652 412 3676 Β
439 3653 657 3691 Interlined
681 3667 689 3691 τ
718 3655 786 3693 sed
800 3657 1015 3695 cancelled.

400 3722 410 3745 ¹
438 3722 525 3760 The
557 3723 754 3762 chantries
785 3725 945 3763 alluded
977 3736 1019 3765 to
1047 3730 1303 3776 represented
1335 3730 1403 3768 the
1435 3733 1601 3770 services
1633 3733 1692 3771 for
1726 3733 1853 3771 which
1889 3733 1959 3771 the
1993 3741 2222 3784 monastery
2256 3747 2335 3772 was

293 3774 539 3821 responsible
557 3774 598 3811 in
616 3775 684 3812 the
712 3775 779 3812 old
806 3776 980 3826 hospital
1007 3779 1048 3815 of
1073 3778 1134 3817 St.
1159 3780 1274 3830 Mary
1302 3781 1543 3831 Magdalene
1572 3792 1613 3820 at
1642 3783 1815 3833 Partney
1841 3785 1922 3822 and
1946 3785 2015 3823 the
2041 3785 2182 3834 chapel
2209 3786 2252 3822 of
2275 3785 2334 3823 St.

296 3823 427 3866 James
459 3833 500 3862 at
530 3824 774 3875 Skendleby.
841 3826 917 3866 See
947 3829 1077 3867 Assoc.
1108 3832 1262 3870 Archit.
1295 3833 1375 3871 Soc.
1409 3835 1583 3884 Reports,
1614 3843 1748 3881 XXXII,
1776 3848 1845 3885 pp.
1874 3846 1937 3883 40,
1963 3847 2027 3884 41,
2054 3843 2117 3884 45.
2185 3836 2336 3887 Bishop

298 3871 525 3929 Flemyng’s
543 3876 756 3918 ordinanee
774 3877 832 3915 for
849 3877 963 3919 these
980 3879 1176 3922 chantries
1193 3882 1289 3925 does
1307 3893 1377 3923 not
1395 3885 1545 3924 remain
1566 3885 1605 3924 in
1625 3885 1686 3924 his
1703 3887 1870 3940 register
1886 3887 1965 3926 and
1983 3886 2095 3926 there
2113 3887 2147 3926 is
2163 3899 2216 3926 no
2232 3899 2336 3943 copy

2381 3662 2412 3675 -n

2297 4356 2299 4359 1
2440 4241 2476 4412 Ξ

2466 2878 2470 2885 ι

2468 3022 2476 3032 ³

2471 3209 2476 3230 ι’

2452 3753 2476 4050 Ξ

2461 2947 2476 3018 Ξ

2455 3033 2476 3119 ,Ξ

2458 3135 2476 3226 ἴ

2459 3329 2476 3538 3

2459 3541 2476 3632 ’ἒ

2457 3652 2476 3758 Ξ

2455 4218 2476 4264 ἓ

2452 4126 2461 4134 ⁴⁴

2452 4208 2465 4219 Δ
2474 4211 2476 4218 ι
