2476 4412
284 412 366 468 33
744 388 1232 448 ALNWICK'S
1316 383 1882 443 VISITATIONS

423 550 562 604 Item,
588 563 700 594 curn
738 549 799 593 sit
836 545 1221 600 elemosinarius,
1246 543 1489 602 permittit
1525 541 1783 600 grangiam
1818 540 2163 588 elemosinarie
2197 542 2333 589 iuxta

294 613 647 659 monasterium
670 610 878 656 tendere
900 609 965 654 ad
989 609 1195 653 ruinam.
1232 606 1428 665 Allegat
1452 620 1504 651 se
1527 605 1753 650 construi
1775 603 1956 650 fecisse
1977 619 2126 651 vnam
2150 619 2332 652 nouam

295 676 499 721 domurn
520 675 571 720 in
596 674 729 720 dicta
752 673 892 718 firma
914 671 979 717 ad
1002 684 1210 729 magnos
1241 671 1480 729 sumptus,
1506 670 1555 714 et
1578 681 1727 730 quam
1751 668 1852 713 cito
1875 668 2060 727 poterit
2081 669 2334 728 reparabit

295 739 403 785 alia.

424 801 550 846 Item
595 799 716 845 dicit
760 797 896 859 quod
941 798 1138 843 diuersa
1176 795 1340 842 officia
1378 795 1666 854 monasterij
1713 808 1810 854 que
1853 793 2077 840 Thomas
2113 795 2332 842 Bartone

293 864 558 923 occupauit
594 863 801 907 multum
838 861 1215 915 deteriorantur,
1241 859 1358 920 quia
1393 858 1528 903 idem
1564 857 1788 903 Thomas
1818 857 1940 904 fecit
1962 859 2175 917 ipsemet
2198 873 2332 905 com·

293 930 440 986 potos
464 940 578 972 suos
602 928 650 971 et
674 925 937 969 summauit
961 938 1047 970 eos
1072 926 1120 969 et
1144 937 1299 982 penes
1317 936 1370 967 se
1394 921 1586 966 detinet
1609 938 1618 967 :
1653 921 1770 967 ideo
1789 936 1890 967 non
1907 924 2105 967 constat
2122 923 2334 983 qualiter

270 990 372 1045 ‚vel
408 988 661 1050 quomodo
698 987 1037 1033 indebitantur
1073 986 1248 1032 officia.
1319 985 1542 1030 Monitus
1566 987 1642 1030 est
1665 985 1757 1029 sub
1781 999 1912 1044 pena
1935 987 2332 1032 excommunica-

295 1053 453 1099 cionis
476 1051 609 1112 quod
633 1066 806 1096 omnes
830 1050 1116 1095 huiusmodi
1141 1051 1404 1107 compotos
1427 1047 1606 1093 liberet
1629 1048 1680 1094 in
1704 1047 2078 1094 thesaurariam.

425 1116 550 1161 Item
588 1114 709 1159 dicit
745 1113 881 1175 quod
918 1114 1105 1159 bonum
1141 1112 1271 1158 foret
1307 1111 1444 1172 quod
1481 1112 1831 1170 reparaciones
1866 1111 1999 1157 facte
2038 1112 2245 1158 interius
2284 1115 2334 1159 et

295 1180 509 1224 exterius
546 1177 760 1223 discrete
797 1176 1224 1235 superuideantur,
1263 1175 1332 1220 ita
1371 1174 1509 1235 quod
1549 1177 1745 1221 constet
1783 1175 2118 1221 allocaciones
2153 1176 2335 1235 petitas

294 1241 402 1287 fore
445 1242 597 1286 iustas
643 1242 692 1285 et
737 1241 942 1301 equitati
987 1253 1248 1285 consonas.
1320 1237 1623 1284 Prouideant
1666 1238 1825 1284 abbas
1869 1241 1919 1284 et
1958 1242 2235 1285 conuentus
2269 1239 2334 1285 de

294 1318 620 1363 superu1sore.

423 1406 595 1451 Frater
633 1405 915 1450 Willelmus
957 1403 1210 1465 Croyland
1250 1404 1373 1449 dicit
1412 1403 1549 1465 quod
1590 1418 1797 1450 necesse
1836 1404 1966 1451 foret
2011 1405 2199 1451 habere
2232 1408 2335 1452 tres

293 1469 581 1515 forestarios
618 1483 709 1528 pro
747 1469 912 1514 boscis
949 1469 1049 1513 suis
1086 1467 1446 1513 conseruandis
1481 1471 1534 1512 vt
1570 1467 1752 1525 solit03
1789 1471 1839 1514 et
1874 1469 1973 1514 iam
1997 1483 2099 1515 non
2122 1468 2336 1515 habetur

294 1533 387 1578 nisi
427 1547 563 1587 vnus,
589 1535 638 1578 et
673 1531 788 1577 ideo
826 1531 1244 1590 dampnificantur
1281 1531 1436 1577 bosci.
1504 1531 1676 1577 Abbas
1712 1532 1930 1577 monitus
1967 1535 2042 1578 est
2073 1532 2124 1578 in
2157 1532 2338 1578 virtute

295 1595 591 1642 obediencie
627 1595 763 1657 quod
801 1595 951 1641 faciat
976 1594 1241 1654 diligenter
1265 1595 1578 1654 superuideri
1602 1597 1652 1641 et
1675 1596 1895 1655 reparari
1919 1595 2171 1642 clausuras
2205 1596 2338 1642 circa
2420 1602 2423 1605 ’

298 1673 517 1705 nemora.

425 1761 596 1807 Frater
632 1761 913 1807 Willelmus
950 1762 1132 1817 Yorke,
1171 1762 1391 1817 sacrista,
1430 1762 1558 1821 petit
1597 1761 1692 1807 sibi
1732 1762 2056 1808 maeremium
2094 1762 2337 1821 assignari

254 1844 257 1846 “
296 1838 388 1884 pro
412 1825 567 1871 choro
591 1824 919 1881 conuentuali,
946 1827 996 1870 et
1018 1825 1155 1886 quod
1185 1824 1424 1884 gardinus
1447 1839 1597 1886 quern
1619 1825 1739 1871 colit
1763 1840 1864 1872 non
1888 1825 1982 1871 sibi
2005 1824 2335 1887 aufer[atur].

298 1887 602 1934 Concessum
626 1891 700 1934 est
724 1890 1043 1934 maeremium
1068 1891 1118 1934 et
1141 1889 1301 1934 eciam
1325 1888 1590 1947 gardinum
1612 1891 1664 1934 vt
1687 1903 1748 1935 ea
1770 1889 1969 1935 habeat.

425 1952 552 1997 Item
591 1953 717 2010 petit
754 1954 806 1996 vt
849 1951 983 2010 apud
1023 1951 1269 2012 Sotherey
1313 1953 1376 1997 sit
1414 1967 1539 1997 vnus
1584 1953 1808 1998 seruiens
1852 1953 1937 2014 qui
1983 1951 2234 1998 custodiat
2266 1952 2336 1998 ibi

296 2028 486 2071 vaccas,
512 2016 626 2076 quia
650 2015 1004 2060 monasterium
1028 2016 1289 2061 consueuit
1311 2016 1573 2075 percipere
1596 2015 1768 2078 plu[s]
1798 2016 2052 2062 commodi
2085 2016 2136 2061 in
2170 2016 2338 2063 butiro

299 2080 347 2123 et
371 2092 517 2124 caseo
540 2078 723 2124 abinde
747 2093 894 2139 quam
920 2078 983 2124 de
1006 2080 1323 2126 monasterio.
2311 2093 2323 2104 ²

429 2181 600 2227 Frater
644 2182 895 2242 Johannes
944 2182 1076 2228 Hole
1122 2182 1244 2229 dicit
1290 2183 1427 2245 quod
1473 2197 1679 2230 nemora
1723 2197 1825 2229 non
1870 2183 2169 2230 clauduntur
2222 2185 2340 2243 post

299 2244 626 2290 succisionem
647 2259 656 2290 :
694 2245 809 2291 ideo
833 2246 1026 2305 stipites
1050 2249 1371 2293 renascentes
1395 2246 1731 2294 destruuntur.

427 2308 552 2353 Item
577 2309 697 2354 dicit
721 2308 785 2354 de
807 2309 1080 2355 forestariis
1103 2313 1154 2355 vt
1178 2325 1340 2370 supra,
1365 2313 1415 2356 et
1442 2310 1580 2372 quod
1613 2310 1904 2357 forestarius
1928 2325 2060 2356 nunc
2082 2310 2339 2370 apropriat

295 2369 390 2415 sibi
414 2372 619 2417 multum
644 2373 965 2419 maeremium
989 2374 1039 2419 in
1067 2373 1285 2435 Horsley
1308 2377 1357 2420 et
1381 2374 1710 2421 Southwode.

427 2474 598 2520 Frater
623 2474 903 2521 Willelmus
928 2476 1193 2537 Bekeryng
1217 2476 1340 2523 dicit
1363 2477 1532 2523 omnia
1554 2477 1699 2524 bene.

425 2576 596 2622 Frater
619 2577 840 2623 Thomas
864 2578 1167 2625 Suthewelle
1191 2579 1313 2625 dicit
1336 2579 1474 2641 quod
1507 2580 1727 2626 Bartone
1751 2583 1826 2626 est
1848 2580 2175 2626 intolerabilis
2208 2580 2338 2626 inter

297 2639 473 2684 fratres
497 2642 546 2685 et
568 2641 874 2699 improperat
898 2643 976 2687 isti
1002 2657 1094 2702 pro
1117 2642 1310 2688 factura
1332 2643 1529 2702 gardini
1554 2644 1767 2690 claustri.
1828 2644 2074 2690 Dominus
2097 2644 2339 2690 relaxauit

296 2703 662 2748 iniunccionem
697 2704 881 2750 factam
916 2706 997 2751 isti
1036 2707 1256 2752 Bartone
1293 2706 1357 2752 de
1394 2707 1643 2754 seruando
1680 2722 1734 2754 se
1768 2708 1820 2753 in
1844 2708 2050 2754 silencio
2083 2722 2239 2769 Vsque
2271 2706 2338 2753 ad

300 2768 496 2825 tempus
520 2767 611 2811 sub
636 2767 768 2813 bona
790 2771 989 2827 gestura
1013 2785 1113 2816 sua.

431 2867 547 2928 [Fo.
586 2869 723 2930 24d.]
798 2871 970 2917 Frater
996 2871 1240 2918 Ricardus
1263 2872 1505 2934 Anderby
1529 2873 1651 2919 dicit
1674 2873 1812 2935 quod
1838 2874 2058 2920 Bartone
2080 2874 2131 2920 in
2155 2874 2336 2933 psalm-

300 2930 416 2976 odia
440 2934 488 2976 et
510 2931 617 2977 aliis
642 2936 716 2978 est
739 2934 884 2979 nimis
908 2934 1130 2992 festinuS,
1157 2951 1366 2982 causans
1390 2936 1760 2983 dissonanciam
1783 2937 1914 2983 inter
1936 2937 2220 2997 psallentes.

428 2995 553 3040 Item
577 2995 710 3041 idem
736 2996 953 3044 Bartone
978 3001 1052 3044 est
1074 2999 1400 3045 intolerabilis
1423 3001 1553 3046 inter
1575 3000 1767 3058 fratres,
1793 3003 1843 3047 et
1865 3002 2035 3047 omnia
2063 3016 2161 3062 que
2185 3000 2338 3048 habet

300 3058 546 3103 consumit
581 3060 630 3104 in
668 3060 932 3107 esculentis
955 3065 1005 3107 et
1040 3063 1321 3121 poculentis
1345 3066 1394 3109 et
1418 3063 1578 3121 donis,
1603 3067 1655 3110 vt
1678 3064 1895 3110 attrahat
1918 3065 2013 3111 sibi
2037 3067 2339 3125 potestatem

301 3121 572 3167 secularem
596 3122 660 3167 ad
682 3123 845 3181 ipsum
870 3126 1306 3171 manutenendum.

428 3184 554 3229 Item
578 3185 700 3230 dicit
724 3186 787 3231 de
811 3187 1081 3235 indiscreta
1105 3192 1154 3235 et
1177 3190 1461 3248 improuida
1483 3191 1784 3238 vendicione
1806 3192 2157 3238 maneriorum.

429 3285 555 3331 Item
595 3286 726 3332 Hole
763 3288 884 3334 dicit
919 3291 1055 3351 quod
1094 3292 1313 3338 Bartone
1350 3307 1451 3338 non
1487 3293 1730 3340 satisfecit
1765 3294 1859 3340 sibi
1897 3294 1961 3341 de
1999 3294 2213 3354 pecunia
2245 3308 2338 3354 pro

302 3349 569 3394 maeremio
606 3386 614 3395 .
650 3385 659 3394 .
699 3349 731 3395 ‚1
765 3352 899 3397 iuxta
922 3354 1288 3401 iniunccionem
1314 3355 1518 3402 domini.
1590 3358 1875 3403 Iniunctum
1899 3360 1975 3403 est
1997 3358 2167 3403 abbati
2201 3358 2339 3419 quod

302 3413 557 3457 contentet
580 3412 768 3459 dictum
795 3415 940 3460 Hole.

430 3474 555 3520 Item
595 3477 719 3534 petit
754 3478 847 3522 sibi
886 3479 1086 3526 allocari
1128 3481 1192 3528 de
1231 3483 1463 3542 expensis
1502 3498 1594 3543 per
1632 3498 1746 3530 eum
1785 3484 1931 3530 factis
1969 3485 2020 3531 in
2070 3487 2243 3530 mutuo
2289 3486 2339 3531 et

402 3584 414 3608 ¹
442 3586 489 3622 co‘
507 3598 549 3622 or
566 3588 615 3622 cc’
634 3586 673 3623 in
694 3587 760 3624 the
779 3589 962 3638 original.
1018 3591 1214 3643 Probably
1233 3607 1322 3632 ceso.

303 3738 311 3746 ·
403 3687 416 3711 ¹
446 3687 643 3738 Probably
671 3689 728 3726 for
759 3690 825 3727 the
854 3692 996 3730 timber
1024 3695 1111 3731 roos
1136 3695 1262 3734 which
1283 3696 1466 3746 replaced
1485 3696 1553 3735 the
1571 3696 1755 3747 vaulting
1773 3697 1936 3736 ordered
1956 3707 1997 3735 to
2015 3698 2064 3736 be
2083 3698 2205 3736 taken
2225 3699 2340 3736 down

301 3751 340 3776 m
366 3739 518 3786 1437-8.
574 3739 649 3777 See
669 3753 705 3789 p.
731 3741 774 3776 16
794 3742 931 3780 above.

402 3790 418 3814 ‘²
445 3789 618 3843 Horsley
638 3790 700 3845 lay
720 3791 759 3828 in
782 3791 976 3848 Bardney.
1034 3794 1346 3853 Horselewange
1378 3798 1411 3837 is
1443 3799 1674 3842 mentioned
1705 3799 1745 3842 in
1778 3813 1799 3836 a
1831 3800 1988 3842 charter
2015 3800 2053 3838 in
2075 3799 2222 3843 Cotton
2245 3801 2336 3846 MS.
