2488 4296
321 390 396 446 81
773 383 1262 451 ALNWICK’S,
1343 380 1908 441 VISITATIONS

318 546 461 592 ancia
484 544 720 603 regularis
755 541 1153 601 discipline'non
1186 540 1452 600 leguntur:
1487 538 1604 585 ideo
1638 540 1998 587 obliuiscuntur
2032 557 2126 589 nec
2159 543 2360 589 obseru-

321 611 479 655 antur.
611 621 614 624 ·

450 685 622 729 Frater
657 682 908 753 Johannes
948 680 1236 736 Hakburne,
1261 680 1411 739 prior
1437 678 1559 725 dicit
1589 679 1726 741 quod
1762 679 1915 726 frater
1962 680 2254 742 Radulphus
2289 685 2365 729 est

321 747 519 794 rebellis
541 746 711 792 abbati
736 745 940 790 omnino
964 746 1013 791 et
1037 758 1290 814 nunquam
1313 742 1541 802 profecit,
1567 745 1617 788 et
1640 757 1734 789 nec
1756 744 1850 789 erit
1883 746 2024 806 quies
2058 760 2152 792 nec
2184 747 2364 792 caritas

320 812 370 857 in
399 812 660 856 conuentu
698 823 847 880 quam
887 807 972 853 diu
1011 808 1203 853 steterit
1242 807 1293 852 in
1333 805 1499 861 dom0,
1540 807 1657 868 quia
1696 807 1939 853 maximus
1979 812 2054 854 est
2094 810 2364 857 seminator

323 872 718 920 discordiarum
707 887 757 916 m
781 874 1034 917 conuentu
1057 874 1106 916 et
1129 871 1257 916 inter
1280 843 1513 915 abbatem
1539 876 1588 916 et
1612 873 1929 916 conuentum.

451 938 577 982 Item
610 935 746 981 idem
783 934 1076 991 Radulphus
1109 932 1442 993 paruipendet
1475 934 1822 980 correcciones
1861 935 2040 994 prioris
2087 950 2179 982 nec
2224 937 2269 983 ei
2312 937 2364 983 in

322 1001 487 1062 aliquo
511 999 614 1044 vult
637 997 858 1053 obedire,
884 997 974 1043 sed
998 996 1399 1042 iniunccionibus
1423 997 1625 1043 rebellis
1649 1000 1738 1043 est.

452 1076 624 1121 Frater
647 1074 899 1135 Johannes
925 1073 1137 1133 Redyng
1155 1072 1277 1118 dicit
1295 1072 1431 1133 quod
1450 1073 1532 1118 vbi
1557 1073 1735 1131 singuli
1754 1075 1981 1120 canonici
2000 1078 2366 1122 consueuerant

323 1140 548 1198 iecipere
571 1137 791 1197 singulos
813 1152 917 1183 xxs.
944 1151 1035 1196 pro
1060 1139 1258 1182 vestura
1280 1136 1331 1180 in
1354 1150 1500 1192 anno,
1526 1139 1576 1181 et
1605 1137 1703 1182 iam
1736 1139 1964 1197 tempore
1997 1139 2138 1184 istius
2170 1139 2367 1185 abbatis

323 1203 606 1263 percipiunt
629 1201 790 1246 solum
813 1215 961 1246 vnam
985 1215 1216 1245 marcam.

453 1266 579 1311 Item
603 1265 724 1310 dicit
747 1264 884 1326 quod
908 1263 1162 1326 quondam
1197 1262 1400 1324 quidam
1435 1263 1590 1308 abbas
1625 1265 1910 1336 monasterij
1948 1265 2198 1311 ordinauit
2230 1265 2367 1327 quod

322 1343 413 1389 pro
427 1329 576 1374 obitu
600 1329 705 1374 eius
728 1327 1031 1374 celebrando
1066 1327 1480 1372 distribuerentur
1503 1327 1631 1373 inter
1666 1328 1934 1374 canonicos
1957 1329 2008 1374 in
2030 1329 2198 1388 vigilia
2221 1330 2367 1376 beate

326 1393 483 1438 Marie
508 1391 808 1451 Magdalene
831 1406 918 1444 xs..
944 1405 1040 1452 que
1066 1390 1189 1435 dist1
1192 1390 1359 1436 ibuclo
1392 1391 1491 1435 iam
1515 1405 1604 1449 per
1626 1390 1862 1437 abbatem
1894 1407 2025 1438 nunc
2048 1393 2364 1439 subtrahitur.

453 1457 579 1502 Item
618 1455 771 1501 frater
813 1454 1107 1514 Radulphus
1147 1453 1412 1500 Charnelle
1457 1455 1778 1515 conqueritur
1822 1455 1958 1516 quod
2002 1456 2159 1502 abbas
2203 1457 2368 1516 posuit

323 1521 483 1579 ipsum
520 1518 585 1564 ad
621 1517 1027 1564 ministrandum.
1039 1517 1209 1563 diuina
1244 1520 1295 1563 et
1329 1521 1640 1563 sacramenta
1674 1518 1725 1563 in
1762 1519 1954 1578 capella
1990 1519 2054 1566 de
2079 1519 2366 1576 Stodeham,

324 1598 419 1645 que
454 1582 714 1628 consueuit
747 1582 986 1628 deseruiri
1021 1596 1110 1640 per
1143 1581 1457 1640 capellanum
1491 1581 1779 1635 secularem
1805 1597 1867 1628 ex
1900 1597 1999 1655 quo
2034 1584 2369 1645 sequebantur

324 1648 493 1705 grauia
530 1645 749 1705 dampna
785 1645 949 1691 eidem
991 1644 1272 1704 Radulpho,
1304 1647 1478 1704 vtpote
1514 1645 1734 1691 criminis
1770 1647 2033 1705 imposicio
2070 1647 2369 1708 sequebatur

324 1725 472 1770 super
497 1724 596 1771 quo
620 1724 673 1755 se
696 1709 939 1768 purgauit.

454 1773 615 1819 Item
603 1789 654 1818 m
677 1772 898 1819 secunda
921 1773 1198 1831 septimana
1220 1771 1601 1834 quadragesime
1624 1772 1796 1820 vltime
1829 1773 1965 1820 idem
1994 1773 2163 1829 abbaS,
2190 1773 2369 1820 exced-

326 1837 458 1883 endo
477 1836 683 1882 modum
701 1836 1047 1891 correccionis‚
1067 1836 1237 1882 iniecit
1259 1851 1434 1882 manus
1451 1836 1694 1882 violentas
1718 1838 1769 1883 in
1793 1837 2009 1884 eundem
2037 1836 2369 1898 Radulphum‚

326 1901 663 1960 percuciendo
698 1901 861 1959 ipsum
898 1915 1011 1946 cum
1047 1913 1216 1959 pugno
1253 1900 1304 1946 in
1339 1899 1468 1946 facie
1505 1902 1554 1946 et
1591 1915 1703 1946 cum
1740 1900 1920 1947 baculo
1953 1902 2004 1947 in
2028 1902 2193 1961 capite
2216 1915 2371 1963 vsque

326 1965 578 2023 sanguinis
603 1963 898 2009 effusionem
923 1966 1132 2024 vtroque
1155 1963 1281 2009 loco.

457 2029 582 2073 Item
619 2030 767 2073 nocte
804 2029 1043 2089 sequente
1079 2026 1214 2072 idem
1249 2026 1407 2072 abbas
1442 2026 1770 2073 incarcerauit
1815 2027 2005 2074 dictum
2052 2028 2373 2088 Radulphum

327 2092 514 2153 absque
560 2106 719 2147 causa,
767 2090 857 2137 sed
902 2091 1061 2136 solum
1107 2105 1169 2136 ex
1212 2091 1284 2137 ira
1327 2091 1492 2147 animi,
1525 2091 1575 2136 in
1620 2106 1716 2137 vna
1761 2106 1959 2138 camera
2002 2092 2192 2154 absque
2236 2092 2372 2138 omni

328 2155 622 2201 refeccione.

456 2219 581 2264 Item
617 2233 729 2264 curn
765 2217 919 2264 semel
952 2217 1113 2264 adiret
1147 2217 1282 2263 idem
1309 2217 1602 2278 Radulphus
1625 2218 1691 2264 ad
1715 2218 1900 2265 solacia
1922 2218 2057 2279 apud
2082 2218 2371 2272 Stodeham,

326 2282 571 2328 irruerunt
594 2282 644 2327 in
669 2297 782 2328 eum
806 2296 893 2327 sex
908 2282 999 2327 viri
1025 2284 1073 2327 et
1098 2296 1211 2327 eum
1233 2282 1618 2328 vulnerauerunt
1641 2285 1691 2328 et
1714 2297 1921 2342 puerum
1948 2298 2000 2329 se
2025 2281 2368 2344 [sequentem]

327 2346 679 2401 verberarunt;
717 2348 766 2391 et
799 2346 1130 2391 incontinenti
1163 2344 1339 2391 abbasl
1373 2345 1602 2392 homines
1635 2349 1852 2392 armatos
1886 2347 1969 2408 qui
2001 2348 2164 2406 ipsum
2191 2346 2371 2392 Radul-

327 2409 482 2469 phum
500 2409 565 2455 ad
584 2409 937 2455 monasterium
953 2408 1269 2461 reduxerunt,
1288 2411 1337 2454 et
1355 2409 1616 2455 reductum
1631 2410 1805 2468 viginti
1822 2410 2000 2456 diebus
2019 2409 2375 2472 [incarcerauit

327 2472 502 2533 causa]
542 2473 674 2518 nulla
708 2473 910 2531 cognita
942 2473 1235 2532 precognita
1269 2476 1318 2518 et
1351 2474 1461 2532 ipso
1499 2473 1766 2533 Radulpho
1801 2488 1902 2519 non
1936 2474 2182 2529 conuicto‚
2219 2476 2269 2520 et
2302 2474 2373 2520 sic

329 2537 663 2582 incarceratus
699 2537 857 2582 caruit
894 2536 1159 2582 esculentis
1195 2539 1245 2582 et
1281 2537 1561 2596 poculentis
1592 2555 1601 2594 ;
1650 2551 1744 2583 nec
1780 2538 1943 2597 ipsum
1982 2537 2140 2583 abbas
2181 2536 2368 2598 [exire]

329 2601 552 2660 permisit
575 2615 833 2661 quousque
856 2599 992 2645 idem
1019 2599 1311 2659 Radulphus
1335 2601 1632 2660 promiserat
1654 2601 1824 2647 abbati
1848 2600 1986 2662 quod
2019 2601 2373 2647 monasterium

330 2666 573 2723 perpetuo
598 2664 913 2724 relinqueret.

460 2727 586 2772 Item
610 2727 743 2772 bona
766 2742 862 2788 que
886 2726 1021 2773 idem
1058 2726 1352 2786 Radulphus
1375 2727 1550 2773 habuit
1583 2730 1810 2787 tempore
1835 2727 2065 2774 carceris²
2087 2726 2374 2773 huiusmodi

331 2790 486 2836 abbas
509 2794 558 2836 et
582 2791 654 2835 sui
680 2790 982 2850 diripiebant
1006 2805 1099 2836 nec
1121 2792 1228 2836 toto
1251 2793 1478 2850 tempore
1504 2829 1511 2837 .
1551 2828 1559 2838 .
1598 2828 1607 2837 .
1645 2829 1654 2838 .
1680 2791 1773 2837 fuit
1791 2806 1941 2846 rasus,
1965 2791 2040 2853 [et
2063 2789 2184 2852 hec]
2208 2791 2376 2836 omnia

331 2853 450 2900 facit
473 2854 628 2899 abbas
653 2854 789 2901 dicto
816 2853 1096 2914 Radulpho,
1123 2867 1184 2900 eo
1207 2854 1343 2915 quod
1367 2869 1468 2900 non
1493 2859 1598 2901 erat
1622 2854 1896 2901 beneuolus
1920 2856 2013 2901 sibi
2048 2856 2099 2901 in
2122 2854 2376 2901 eleccione

334 2932 435 2963 sua.

462 2981 591 3026 Petit
625 2981 773 3040 igitur
808 2981 943 3028 idern
982 2981 1277 3040 Radulphus
1311 2984 1363 3027 vt
1400 2981 1631 3027 dominus
1669 2981 1732 3028 de
1769 2982 1842 3027 sui
1878 2981 2046 3040 gracia
2082 2979 2281 3026 ordinet
2325 2983 2376 3026 vt

333 3044 467 3090 idem
494 3044 785 3104 Radulphus
803 3048 886 3090 aut
904 3045 1122 3090 studium
1141 3059 1374 3091 exercere
1397 3045 1555 3104 possit
1572 3045 1651 3091 vel
1674 3045 1739 3090 ad
1761 3045 1908 3090 aliam
1928 3044 2132 3090 domum
2153 3043 2376 3089 eiusdem

339 3106 645 3168 [religionis]
674 3109 886 3167 migrare
910 3110 1068 3168 possit
1090 3108 1219 3155 infra
1241 3111 1432 3155 certum
1454 3111 1651 3168 tempus
1674 3123 1773 3170 quo
1797 3108 2065 3168 prouidere
2088 3107 2152 3154 de
2175 3108 2289 3153 loco
2311 3106 2377 3153 ad

372 3186 483 3217 uem
509 3171 573 3216 mi
612 3174 754 3218 raret.

336 3186 368 3232 q
465 3184 637 3280 Frat{r
672 3235 924 3296 Johannes
960 3235 1193 3308 Clyftone
1229 3235 1351 3282 dicit
1384 3235 1521 3297 quod
1557 3234 1849 3295 Radulphus
1884 3235 2113 3282 Carnelle
2135 3234 2379 3280 subuertit

336 3301 377 3343 et
401 3297 732 3343 obseruancias
755 3299 1005 3371 religzonis,
1031 3300 1147 3360 quia
1169 3300 1253 3346 vbi
1276 3301 1529 3345 vterentur
1553 3300 1763 3345 stamine
1793 3299 1857 3345 ad
1891 3313 2092 3345 carnem
2125 3300 2331 3358 propter
2367 3333 2377 3343 .
2407 3324 2414 3331 ·

599 3398 608 3406 .
656 3398 664 3407 .
773 3399 782 3408 .
828 3363 982 3421 ipsius
1023 3363 1275 3423 Radulphi
1311 3365 1513 3409 vtuntur
1547 3363 1777 3409 camiseis
1812 3362 1954 3409 lineis
1990 3361 2055 3408 ad
2092 3376 2292 3408 carnem
2329 3362 2379 3406 et

337 3396 520 3470 strictis
542 3425 722 3470 tunicis
746 3440 858 3470 cum
881 3426 1015 3472 lacez
1039 3427 1122 3472 vbi
1145 3429 1399 3473 vterentur
1421 3427 1600 3473 amotis
1617 3427 1797 3473 tunicis
1833 3459 2079 3473 ......

440 3536 453 3560 ¹
482 3538 573 3575 Sic:
602 3538 698 3574 verb
725 3538 903 3587 missing.

441 3586 458 3611 2
485 3590 561 3626 Sic.

440 3658 454 3683 ¹
481 3658 692 3696 Studium·
684 3671 718 3696 is
736 3659 831 3696 used
851 3659 969 3698 here
961 3674 999 3699 m
1019 3662 1085 3699 the
1105 3675 1220 3700 sense
1241 3664 1281 3700 of
1297 3675 1318 3700 a
1338 3661 1450 3712 place
1469 3662 1510 3699 of
1526 3662 1660 3712 study‚
1682 3661 1893 3712 especially
1912 3660 1954 3698 of
1969 3674 1990 3698 a
2009 3659 2184 3699 studium
2199 3661 2380 3707 generale

338 3723 381 3748 or
399 3709 637 3755 recognised
665 3710 899 3760 university.

436 3759 453 3784 9-
485 3760 590 3808 Togzs
606 3762 761 3801 clausis
782 3762 844 3800 i.e.
865 3763 1058 3800 buttoned
1079 3764 1277 3812 eassocks,
1298 3765 1331 3803 is
1354 3765 1459 3804 what
1485 3764 1552 3802 the
1575 3777 1690 3804 sense
1718 3763 1905 3816 requires,
1933 3763 2003 3802 but
2031 3763 2098 3803 the
2125 3761 2253 3799 words
2282 3762 2381 3800 have

336 3811 485 3866 utterly
504 3811 784 3866 disappeared.
