2476 4412
268 414 344 467 26
720 401 1204 461 ALNWICK'S
1289 395 1854 456 VISITATIONS

268 566 409 624 pater
453 563 642 609 eisdem
685 560 854 607 abbati
900 562 949 605 et
993 556 1261 604 conuentui
1306 556 1357 600 in
1395 554 1577 599 virtute
1620 552 1919 599 obediencie
1962 551 2220 599 mandauit
2252 555 2303 600 et

267 626 477 673 iniunxit
500 625 683 685 eisque²
707 623 986 669 districcius
1008 619 1222 666 inhibuit
1246 634 1307 664 ne
1327 631 1499 664 eorum
1516 616 1692 675 aliquis
1710 630 1763 662 se
1781 615 1846 661 de
1863 615 2304 664 administracione

266 688 614 749 temporalium
638 685 922 732 huiusmodi
946 683 1015 730 se²
1037 683 1346 737 intromittat,
1373 695 1468 726 nec
1490 680 1655 739 ipsum
1677 678 1891 724 Alanum
1914 680 1965 724 in
1988 679 2301 726 administra-

269 754 413 799 cione
436 750 719 796 huiusmodi
743 746 1072 808 quouismodo
1096 745 1349 805 impediat,
1377 743 1467 789 sed
1500 741 1650 802 quod,
1676 743 1786 801 ipso
1810 741 1962 789 fratre
1985 742 2146 788 Alano
2169 744 2304 789 circa

267 814 549 861 huiusmodi
585 812 877 872 temporalia
912 811 979 855 ad
1015 812 1154 856 extra
1190 810 1450 866 occupato,
1489 806 1654 851 dictus
1697 805 1854 851 abbas
1890 821 1949 852 ac
1988 807 2220 866 supprior
2254 810 2303 853 et

268 882 441 925 cantor
463 877 712 936 regulares
735 875 1085 921 obseruancias
1106 872 1292 917 faciant
1315 871 1437 916 inibi
1468 870 1723 915 obseruari
1748 886 1758 918 ε
1793 872 1843 915 et
1866 869 2002 929 quod
2025 870 2205 929 singuli
2239 871 2304 916 de

268 943 517 988 conuentu
551 938 811 985 intendant
847 937 982 982 dicto
1006 935 1144 981 fratri
1180 935 1340 980 Alano
1363 934 1414 979 in
1438 933 1534 978 hiis
1556 947 1652 992 que
1675 932 1741 978 ad
1763 931 1982 978 officium
2018 931 2303 998 huiusmodi

269 1003 570 1050 coadiutoris
594 1003 856 1061 pertinent,
882 1000 1024 1045 sicuti
1048 999 1340 1044 canonicam
1365 996 1587 1055 effugere
1609 995 1857 1042 voluerint
1878 995 2141 1042 vlcionem.

398 1065 791 1125 Expectantibus
827 1065 877 1108 in
914 1063 1066 1108 domo
1089 1061 1348 1121 capitulari
1384 1060 1581 1115 abbate,
1606 1060 1787 1118 priore,
1814 1061 2089 1119 suppriore,
2114 1059 2301 1120 Wayn-

270 1129 385 1176 flete
410 1132 458 1175 et
483 1129 655 1188 Bracy,
681 1131 731 1173 et
766 1127 946 1172 ceteris
983 1125 1347 1180 recedentibus,
1374 1123 1624 1169 dominus³
1647 1124 1877 1168 recitauit
1899 1123 2070 1169 abbati
2093 1123 2304 1185 qualiter

269 1194 378 1254 quis
414 1206 512 1237 non
551 1190 774 1237 deberet4
797 1189 980 1249 priuari
1013 1189 1105 1234 nisi
1130 1189 1389 1234 conuictus
1416 1204 1425 1243 ;
1461 1190 1511 1232 et
1533 1187 1617 1231 vbi
1641 1186 1798 1232 abbas
1821 1187 2059 1246 imposuit
2083 1187 2303 1233 Bartone

269 1256 490 1310 diuersas
514 1253 730 1300 offensas
755 1256 803 1298 et
826 1255 1091 1312 propterea
1114 1251 1442 1296 incarcerauit
1464 1265 1578 1295 eum
1602 1264 1703 1296 non
1722 1251 2021 1307 conuictum,
2043 1251 2136 1296 nisi
2155 1265 2303 1310 super

269 1319 365 1364 hoc
390 1318 495 1363 solo
520 1317 655 1378 quod
679 1318 1011 1362 incarceratus
1034 1315 1232 1360 vocauit
1254 1313 1490 1359 abbatem
1512 1312 1674 1359 furem
1723 1351 1731 1360 .
1781 1350 1790 1360 .
1830 1313 1860 1358 .⁵

394 1380 621 1426 Tandem
661 1380 724 1425 de
766 1393 1012 1424 consensu
1050 1378 1246 1423 abbatis
1282 1379 1332 1423 et
1367 1376 1680 1422 residuorum
1717 1379 1950 1438 quattuor
1990 1380 2040 1423 et
2079 1377 2302 1423 omnium

269 1445 421 1506 quasi,
463 1443 625 1489 dictus
663 1442 816 1488 frater
854 1442 1077 1487 Thomas
1116 1440 1370 1486 absolutus
1409 1443 1485 1486 est
1525 1440 1590 1486 de
1635 1455 1837 1486 carcere
1880 1443 1930 1487 et
1976 1441 2204 1487 submisit
2250 1455 2303 1487 se

270 1507 519 1552 humiliter
562 1506 730 1551 abbati
775 1508 825 1551 et
869 1506 1022 1564 peciit
1065 1505 1262 1550 veniam
1308 1504 1373 1550 de
1411 1504 1644 1550 omnibus
1683 1504 1975 1551 commissis.
2058 1505 2304 1550 Dominus

270 1570 518 1616 ordinauit
541 1569 676 1630 quod
696 1562 824 1614 'liber
848 1570 910 1613 sit
933 1583 961 1614 a
983 1582 1185 1614 carcere
1204 1570 1252 1613 et
1276 1567 1410 1629 quod
1431 1569 1596 1613 seruet
1613 1566 1934 1613 infirmariam
1951 1568 2002 1613 in
2021 1567 2304 1614 refeccione

269 1648 382 1679 cum
418 1633 673 1679 Willelmo
711 1632 946 1690 Burghe;
999 1634 1048 1678 et
1085 1631 1270 1677 deinde
1307 1630 1540 1676 dominus
1575 1631 1768 1676 monuit
1804 1631 2021 1678 eundem
2054 1631 2305 1677 Thomam

269 1697 561 1743 auctoritate
597 1696 847 1742 ordinaria
883 1695 1019 1756 quod
1055 1695 1174 1740 non⁶
1195 1695 1493 1740 intromittat
1528 1708 1582 1740 se
1605 1709 1718 1740 cum
1742 1694 1909 1756 aliquo
1933 1709 2027 1741 nec
2051 1694 2114 1741 de
2137 1694 2304 1756 aliquo

270 1761 508 1819 regimine
545 1759 827 1819 monasterij
867 1758 1072 1804 interius
1106 1758 1185 1803 vel
1216 1759 1445 1816 exterius,
1471 1761 1521 1804 et
1544 1758 1681 1820 quod
1704 1761 1870 1804 seruet
1892 1773 2070 1818 pacem
2104 1761 2154 1805 et
2187 1773 2303 1805 con-

268 1823 504 1879 cordiam,
531 1825 580 1868 et
603 1823 738 1884 quod
763 1837 856 1867 non
880 1822 1091 1868 seminet
1113 1822 1278 1883 aliqua
1301 1822 1566 1868 seminaria
1589 1821 1954 1868 discordiarum
1976 1823 2105 1868 inter
2127 1821 2306 1868 fratres

269 1886 503 1932 decetero
527 1886 618 1931 sub
642 1901 772 1945 pena
795 1886 1099 1944 expulsionis
1122 1888 1363 1945 perpetue
1386 1900 1416 1931 a
1438 1886 1743 1931 monasterio
1766 1886 1818 1931 in
1841 1900 1960 1932 casu
1994 1900 2094 1948 quo
2125 1884 2308 1932 inatea²

268 1949 489 2009 legitime
512 1951 835 1995 conuincatur
859 1963 1007 2008 super
1030 1949 1197 2010 aliquo
1220 1950 1589 2009 premissorum,
1615 1951 1708 1995 etc.

401 2050 514 2112 [Fo.
561 2050 664 2112 16].
731 2051 902 2097 Abbas
950 2051 1161 2112 deponit
1204 2051 1342 2113 quod
1390 2051 1659 2111 Langtofte
1698 2055 1979 2111 precentor,
2021 2052 2306 2100 Willelmus

270 2115 451 2171 Yorke,
495 2115 736 2160 Ricardus
781 2115 1023 2176 Parteney
1064 2130 1177 2161 curn
1216 2115 1326 2161 aliis
1362 2115 1559 2162 duobus
1603 2116 1880 2162 iunioribus
1925 2116 2103 2163 diebus
2150 2117 2303 2172 Lune,

273 2178 447 2223 Martis
471 2181 519 2224 et
541 2178 676 2239 Jouis
705 2178 782 2239 [in
806 2178 1118 2239 septi]mana
1140 2182 1256 2238 post
1278 2180 1630 2225 inuencionem
1662 2183 1833 2226 sancte
1858 2180 2045 2235 CruciS,
2069 2180 2306 2227 videlicet

271 2256 440 2287 mense
465 2241 599 2301 Maij,
626 2256 757 2288 anno
795 2242 998 2288 Domini
1032 2243 1407 2303 mccccxxxviij‚
1433 2246 1752 2302 sumpserunt
1774 2243 2085 2290 refecciones
2108 2259 2222 2290 suas
2254 2245 2306 2290 in

270 2304 422 2350 domo
446 2304 847 2366 elemosi[narie]
877 2309 1015 2351 extra
1039 2309 1180 2366 septa
1204 2306 1485 2352 claustralia
1507 2309 1609 2352 tam
1632 2306 1683 2352 in
1703 2306 1913 2353 meridie
1931 2322 2080 2368 quam
2099 2308 2150 2353 in
2169 2309 2307 2354 cenis

268 2371 442 2414 contra
476 2369 842 2415 iniunccionem
878 2369 1069 2415 domini
1106 2371 1177 2416 eis
1200 2369 1386 2415 factam
1409 2371 1460 2416 et
1483 2372 1654 2416 notam
1677 2371 1769 2416 sub
1805 2385 1936 2430 pena
1959 2372 2304 2418 excomunica-

270 2431 437 2477 cionis.
478 2432 714 2477 Fatentur
737 2433 1118 2479 iniunccionem.
1170 2434 1297 2479 Item
1320 2433 1539 2479 fatentur
1562 2435 2028 2481 commesacionem.
2067 2435 2307 2481 Fatentur

267 2494 674 2541 celebracionem.
721 2496 867 2542 Vnde
891 2496 1123 2542 dominus
1141 2496 1415 2543 declarauit
1431 2511 1519 2543 eos
1536 2497 1832 2556 irregulares
1850 2500 1900 2544 et
1917 2512 2010 2557 pro
2027 2499 2305 2558 irregulari-

269 2557 360 2602 bus
383 2575 391 2614 ;
427 2560 476 2603 et
499 2559 783 2604 iurauerunt
806 2559 870 2605 de
894 2559 1183 2606 obediendo
1201 2561 1325 2606 iura⁷
1342 2563 1393 2607 et
1411 2560 1475 2607 de
1493 2560 1872 2622 obserua[ndo]
1896 2561 2027 2607 hanc
2045 2564 2096 2608 et
2112 2565 2307 2609 ceteras

269 2621 621 2668 iniuncciones.
689 2622 958 2669 Absolutus
984 2623 1076 2669 est²
1098 2639 1127 2669 a
1150 2625 1407 2670 sentencia
1430 2625 1983 2671 excommunicacionis.

398 2684 523 2730 Item
560 2685 768 2744 deponit
803 2687 939 2748 quod
976 2687 1235 2733 silencium
1272 2688 1408 2734 nullo
1445 2688 1599 2734 modo
1636 2691 1861 2734 seruatur
1883 2690 1935 2734 in
1959 2689 2176 2736 claustro
2210 2704 2305 2736 nec

269 2746 479 2792 ecclesia
515 2763 607 2794 nec
643 2748 761 2794 alibi
797 2751 880 2795 vbi
917 2751 1103 2796 seruari
1135 2751 1344 2797 deberet
1366 2752 1502 2797 iuxta
1525 2752 1768 2805 ordinem,
1796 2755 1844 2798 et
1867 2756 2136 2813 propterea
2158 2752 2306 2815 q[uia

270 2809 407 2870 cum]
438 2810 535 2856 hoc
557 2813 979 2871 transgredientes
1016 2815 1296 2873 puniantur,
1323 2829 1454 2874 pena
1476 2816 1545 2861 ita
1567 2815 1691 2861 leuis
1715 2818 1790 2862 est
1813 2816 1949 2878 quod
1980 2831 2082 2863 non
2105 2818 2308 2864 timetur

272 2887 364 2919 nec
388 2873 631 2919 desistunt
655 2876 1013 2938 delinquentes.

399 2937 524 2982 Item
569 2938 777 2997 deponit
815 2941 952 3001 quod
990 2941 1144 2987 frater
1181 2941 1434 3003 Johannes
1478 2941 1618 2988 Hole‘³
1663 2942 1892 2989 clanculo
1939 2944 2103 2990 emisit
2135 2944 2305 2990 omnia

269 2999 463 3057 peculia
498 3015 585 3046 sua
619 3003 787 3049 animo
823 3007 872 3050 et
907 3005 1206 3061 intencione,
1232 3008 1283 3050 vt
1319 3007 1562 3065 apparuit,
1588 3005 1864 3067 exeun[di]
1893 3008 1944 3052 in
1967 3008 2231 3066 apostasia,
2257 3010 2307 3054 et

270 3064 529 3120 presertim
564 3079 714 3110 vnum
750 3067 976 3114 cocleare
1011 3072 1303 3127 argenteum
1326 3071 1376 3115 et
1398 3084 1547 3115 vnam
1571 3085 1788 3116 murram
1811 3073 2039 3116 ornatam
2061 3074 2270 3130 argento
2296 3089 2306 3128 3

270 3139 362 3171 nec
385 3128 550 3172 tamen
575 3127 694 3174 dum
717 3130 870 3175 exiuit
893 3146 987 3177 nec
1010 3133 1203 3191 aperire
1227 3132 1331 3178 vult
1353 3132 1524 3178 abbati
1547 3133 1631 3178 vbi
1656 3133 1790 3179 bona
1814 3133 2099 3180 huiusmodi
2125 3137 2252 3181 sunt.

399 3189 525 3235 Item
564 3205 676 3236 cum
716 3192 947 3240 dominus
991 3195 1112 3241 alias
1156 3197 1437 3242 iniunxerat
1480 3196 1652 3242 abbati
1698 3197 1766 3242 vti
1811 3198 2058 3257 reciperet
2102 3197 2308 3244 fratrem

372 3319 382 3342 ¹
413 3321 555 3359 iniunx
578 3323 792 3362 cancelled.

372 3369 389 3393 ²
415 3370 490 3410 Sic.

370 3419 386 3444 3
413 3423 639 3470 infhrmauit
664 3426 882 3464 cancelled.

374 3471 389 3496 ⁴
411 3474 480 3521 pri
502 3474 714 3513 cancelled.

368 3522 383 3545 ⁵
410 3522 497 3561 The
516 3537 680 3583 passage
699 3527 794 3564 ends
813 3529 999 3580 abruptly
1017 3532 1120 3578 here,
1143 3533 1220 3570 and
1241 3546 1264 3570 a
1281 3545 1360 3583 gap
1380 3533 1412 3571 is
1431 3532 1501 3572 left
1521 3533 1579 3571 for
1598 3533 1665 3573 the
1684 3541 1764 3573 rest
1784 3535 1824 3573 of
1841 3534 1909 3573 the
1929 3543 2114 3575 sentence
2134 3536 2211 3574 and
2239 3535 2308 3575 the

271 3574 488 3622 procedure
505 3576 632 3613 which
652 3576 849 3616 followed.

374 3623 390 3647 ⁶
415 3626 474 3662 obs
499 3627 714 3665 cancelled.

371 3675 386 3699 7
414 3677 476 3713 Sic
491 3691 506 3714 .·
533 3679 618 3715 iuri
632 3679 764 3716 would
785 3681 832 3718 be
853 3693 958 3720 more
979 3693 1139 3722 correct.

371 3724 386 3748 8
414 3725 630 3766 Interlined
647 3741 655 3766 ε
675 3731 832 3778 fhrtiue
850 3734 975 3770 emisit
991 3736 1206 3776 cancelled.

371 3814 384 3838 ¹
410 3815 477 3853 Le.
505 3824 541 3868 5,
563 3816 600 3866 6,
622 3819 643 3855 8
668 3818 775 3869 May,
803 3824 913 3869 1438.
