<?xml version="1.0" encoding="UTF-8"?>
<!DOCTYPE html PUBLIC "-//W3C//DTD XHTML 1.0 Transitional//EN"
    "http://www.w3.org/TR/xhtml1/DTD/xhtml1-transitional.dtd">
<html xmlns="http://www.w3.org/1999/xhtml" xml:lang="en" lang="en">
 <head>
  <title>
</title>
<meta http-equiv="Content-Type" content="text/html;charset=utf-8" />
  <meta name='ocr-system' content='tesseract 3.04.00' />
  <meta name='ocr-capabilities' content='ocr_page ocr_carea ocr_par ocr_line ocrx_word'/>
</head>
<body>
  <div class='ocr_page' id='page_1' title='image "./p1visitationsof02cathuoft_0480.png"; bbox 0 0 2488 4296; ppageno 0'>
   <div class='ocr_carea' id='block_1_1' title="bbox 335 369 1920 447">
    <p class='ocr_par' dir='ltr' id='par_1_1' title="bbox 335 369 1920 447">
     <span class='ocr_line' id='line_1_1' title="bbox 335 369 1920 447; baseline 0 -17"><span class='ocrx_word' id='word_1_1' title='bbox 335 389 451 447; x_wconf 70' lang='lat'><strong>204</strong></span> <span class='ocrx_word' id='word_1_2' title='bbox 783 369 1271 432; x_wconf 81' lang='lat' dir='ltr'><strong>ALNW1cK’s</strong></span> <span class='ocrx_word' id='word_1_3' title='bbox 1354 372 1920 431; x_wconf 75' lang='lat' dir='ltr'><strong>viserrloNs</strong></span> 
     </span>
    </p>
   </div>
   <div class='ocr_carea' id='block_1_2' title="bbox 323 530 2375 2972">
    <p class='ocr_par' dir='ltr' id='par_1_2' title="bbox 327 530 2375 1544">
     <span class='ocr_line' id='line_1_2' title="bbox 331 530 2371 589; baseline 0 -13"><span class='ocrx_word' id='word_1_4' title='bbox 331 531 464 576; x_wconf 88' lang='lat' dir='ltr'><strong>bona</strong></span> <span class='ocrx_word' id='word_1_5' title='bbox 499 545 587 589; x_wconf 90' lang='lat' dir='ltr'><strong>per</strong></span> <span class='ocrx_word' id='word_1_6' title='bbox 624 531 894 575; x_wconf 90' lang='lat' dir='ltr'><strong>canonicos</strong></span> <span class='ocrx_word' id='word_1_7' title='bbox 932 532 981 575; x_wconf 89' lang='lat' dir='ltr'><strong>et</strong></span> <span class='ocrx_word' id='word_1_8' title='bbox 1017 531 1228 576; x_wconf 90' lang='lat' dir='ltr'><strong>vicarios</strong></span> <span class='ocrx_word' id='word_1_9' title='bbox 1264 531 1529 577; x_wconf 81' lang='lat' dir='ltr'><strong>defunctos</strong></span> <span class='ocrx_word' id='word_1_10' title='bbox 1564 532 1614 576; x_wconf 93' lang='lat' dir='ltr'><strong>in</strong></span> <span class='ocrx_word' id='word_1_11' title='bbox 1650 545 1834 589; x_wconf 84' lang='lat' dir='ltr'><strong>genere</strong></span> <span class='ocrx_word' id='word_1_12' title='bbox 1870 530 2042 575; x_wconf 88' lang='lat' dir='ltr'><strong>relicta</strong></span> <span class='ocrx_word' id='word_1_13' title='bbox 2074 531 2202 575; x_wconf 90' lang='lat' dir='ltr'><strong>inter</strong></span> <span class='ocrx_word' id='word_1_14' title='bbox 2235 531 2371 589; x_wconf 92' lang='lat' dir='ltr'><strong>ipsos</strong></span> 
     </span>
     <span class='ocr_line' id='line_1_3' title="bbox 331 593 2372 655; baseline -0 -16"><span class='ocrx_word' id='word_1_15' title='bbox 331 594 600 639; x_wconf 87' lang='lat' dir='ltr'><strong>canonicos</strong></span> <span class='ocrx_word' id='word_1_16' title='bbox 637 596 686 638; x_wconf 92' lang='lat' dir='ltr'><strong>et</strong></span> <span class='ocrx_word' id='word_1_17' title='bbox 721 594 932 638; x_wconf 90' lang='lat' dir='ltr'><strong>vicarios</strong></span> <span class='ocrx_word' id='word_1_18' title='bbox 967 608 1056 652; x_wconf 90' lang='lat' dir='ltr'><strong>per</strong></span> <span class='ocrx_word' id='word_1_19' title='bbox 1092 593 1338 639; x_wconf 91' lang='lat' dir='ltr'><strong>decanum</strong></span> <span class='ocrx_word' id='word_1_20' title='bbox 1372 594 1611 655; x_wconf 78' lang='lat' dir='ltr'><strong>equaliter</strong></span> <span class='ocrx_word' id='word_1_21' title='bbox 1645 594 1944 650; x_wconf 88' lang='lat' dir='ltr'><strong>diuidantur,</strong></span> <span class='ocrx_word' id='word_1_22' title='bbox 1970 596 2019 638; x_wconf 89' lang='lat' dir='ltr'><strong>et</strong></span> <span class='ocrx_word' id='word_1_23' title='bbox 2041 593 2177 654; x_wconf 92' lang='lat' dir='ltr'><strong>quod</strong></span> <span class='ocrx_word' id='word_1_24' title='bbox 2200 594 2372 639; x_wconf 87' lang='lat' dir='ltr'><strong>relicta</strong></span> 
     </span>
     <span class='ocr_line' id='line_1_4' title="bbox 330 656 2371 717; baseline 0 -15"><span class='ocrx_word' id='word_1_25' title='bbox 330 656 445 717; x_wconf 75' lang='lat' dir='ltr'><strong>ipsil</strong></span> <span class='ocrx_word' id='word_1_26' title='bbox 485 657 694 702; x_wconf 83' lang='lat' dir='ltr'><strong>ecclesie</strong></span> <span class='ocrx_word' id='word_1_27' title='bbox 733 659 783 702; x_wconf 90' lang='lat' dir='ltr'><strong>et</strong></span> <span class='ocrx_word' id='word_1_28' title='bbox 822 656 887 701; x_wconf 87' lang='lat' dir='ltr'><strong>ad</strong></span> <span class='ocrx_word' id='word_1_29' title='bbox 926 671 1066 702; x_wconf 91' lang='lat' dir='ltr'><strong>vsum</strong></span> <span class='ocrx_word' id='word_1_30' title='bbox 1111 673 1199 703; x_wconf 90' lang='lat' dir='ltr'><strong>sue</strong></span> <span class='ocrx_word' id='word_1_31' title='bbox 1242 658 1432 704; x_wconf 80' lang='lat' dir='ltr'><strong>fabrice</strong></span> <span class='ocrx_word' id='word_1_32' title='bbox 1477 673 1554 704; x_wconf 87' lang='lat' dir='ltr'><strong>seu</strong></span> <span class='ocrx_word' id='word_1_33' title='bbox 1598 658 1702 703; x_wconf 89' lang='lat' dir='ltr'><strong>alia</strong></span> <span class='ocrx_word' id='word_1_34' title='bbox 1746 658 1881 702; x_wconf 79' lang='lat' dir='ltr'><strong>iuxta</strong></span> <span class='ocrx_word' id='word_1_35' title='bbox 1919 658 2053 716; x_wconf 78' lang='lat' dir='ltr'><strong>piam</strong></span> <span class='ocrx_word' id='word_1_36' title='bbox 2099 659 2371 702; x_wconf 78' lang='lat' dir='ltr'><strong>testatorum</strong></span> 
     </span>
     <span class='ocr_line' id='line_1_5' title="bbox 330 719 2370 782; baseline 0 -17"><span class='ocrx_word' id='word_1_37' title='bbox 330 721 648 776; x_wconf 76' lang='lat' dir='ltr'><strong>volunlatem,</strong></span> <span class='ocrx_word' id='word_1_38' title='bbox 640 719 669 746; x_wconf 77' lang='lat'><strong>·2</strong></span> <span class='ocrx_word' id='word_1_39' title='bbox 701 735 773 776; x_wconf 90' lang='lat' dir='ltr'><strong>ac,</strong></span> <span class='ocrx_word' id='word_1_40' title='bbox 814 723 865 765; x_wconf 87' lang='lat' dir='ltr'><strong>vt</strong></span> <span class='ocrx_word' id='word_1_41' title='bbox 905 720 1051 766; x_wconf 90' lang='lat' dir='ltr'><strong>nobis</strong></span> <span class='ocrx_word' id='word_1_42' title='bbox 1091 720 1344 767; x_wconf 91' lang='lat' dir='ltr'><strong>detectum</strong></span> <span class='ocrx_word' id='word_1_43' title='bbox 1387 724 1463 778; x_wconf 87' lang='lat' dir='ltr'><strong>est,</strong></span> <span class='ocrx_word' id='word_1_44' title='bbox 1506 721 1738 767; x_wconf 90' lang='lat' dir='ltr'><strong>dominus</strong></span> <span class='ocrx_word' id='word_1_45' title='bbox 1782 720 2034 782; x_wconf 90' lang='lat' dir='ltr'><strong>Johannes</strong></span> <span class='ocrx_word' id='word_1_46' title='bbox 2079 720 2370 777; x_wconf 88' lang='lat' dir='ltr'><strong>Swalwelle,</strong></span> 
     </span>
     <span class='ocr_line' id='line_1_6' title="bbox 331 783 2370 845; baseline 0 -16"><span class='ocrx_word' id='word_1_47' title='bbox 331 783 519 829; x_wconf 91' lang='lat' dir='ltr'><strong>dudum</strong></span> <span class='ocrx_word' id='word_1_48' title='bbox 555 784 823 829; x_wconf 91' lang='lat' dir='ltr'><strong>canonicus</strong></span> <span class='ocrx_word' id='word_1_49' title='bbox 858 783 992 829; x_wconf 86' lang='lat' dir='ltr'><strong>dicte</strong></span> <span class='ocrx_word' id='word_1_50' title='bbox 1029 784 1253 841; x_wconf 84' lang='lat' dir='ltr'><strong>ecclesie,</strong></span> <span class='ocrx_word' id='word_1_51' title='bbox 1288 785 1338 830; x_wconf 96' lang='lat' dir='ltr'><strong>xl</strong></span> <span class='ocrx_word' id='word_1_52' title='bbox 1373 785 1438 842; x_wconf 67' lang='lat'><strong>122,</strong></span> <span class='ocrx_word' id='word_1_53' title='bbox 1474 788 1524 830; x_wconf 92' lang='lat' dir='ltr'><strong>et</strong></span> <span class='ocrx_word' id='word_1_54' title='bbox 1557 784 1789 830; x_wconf 91' lang='lat' dir='ltr'><strong>dominus</strong></span> <span class='ocrx_word' id='word_1_55' title='bbox 1824 783 2075 844; x_wconf 88' lang='lat' dir='ltr'><strong>Johannes</strong></span> <span class='ocrx_word' id='word_1_56' title='bbox 2109 783 2370 845; x_wconf 89' lang='lat' dir='ltr'><strong>Charytee,</strong></span> 
     </span>
     <span class='ocr_line' id='line_1_7' title="bbox 330 846 2370 919; baseline 0 -27"><span class='ocrx_word' id='word_1_57' title='bbox 330 847 488 893; x_wconf 87' lang='lat' dir='ltr'><strong>eciam</strong></span> <span class='ocrx_word' id='word_1_58' title='bbox 525 846 715 891; x_wconf 91' lang='lat' dir='ltr'><strong>dudum</strong></span> <span class='ocrx_word' id='word_1_59' title='bbox 749 846 971 892; x_wconf 92' lang='lat' dir='ltr'><strong>eiusdem</strong></span> <span class='ocrx_word' id='word_1_60' title='bbox 995 847 1209 893; x_wconf 82' lang='lat' dir='ltr'><strong>ecclesie</strong></span> <span class='ocrx_word' id='word_1_61' title='bbox 1231 848 1754 904; x_wconf 78' lang='lat' dir='ltr'><strong>canonicu5,1marcas</strong></span> <span class='ocrx_word' id='word_1_62' title='bbox 1787 846 1952 893; x_wconf 83' lang='lat' dir='ltr'><strong>officio</strong></span> <span class='ocrx_word' id='word_1_63' title='bbox 1983 848 2228 919; x_wconf 84' lang='lat' dir='ltr'><strong>prepositi</strong></span> <span class='ocrx_word' id='word_1_64' title='bbox 2262 847 2370 892; x_wconf 90' lang='lat' dir='ltr'><strong>reli-</strong></span> 
     </span>
     <span class='ocr_line' id='line_1_8' title="bbox 329 910 2371 971; baseline 0.001 -17"><span class='ocrx_word' id='word_1_65' title='bbox 329 910 575 971; x_wconf 81' lang='lat' dir='ltr'><strong>querunt,³</strong></span> <span class='ocrx_word' id='word_1_66' title='bbox 596 910 682 955; x_wconf 93' lang='lat' dir='ltr'><strong>vt</strong></span> <span class='ocrx_word' id='word_1_67' title='bbox 670 925 779 969; x_wconf 90' lang='lat' dir='ltr'><strong>1pse</strong></span> <span class='ocrx_word' id='word_1_68' title='bbox 802 911 1084 969; x_wconf 84' lang='lat' dir='ltr'><strong>prepositus</strong></span> <span class='ocrx_word' id='word_1_69' title='bbox 1108 911 1388 957; x_wconf 90' lang='lat' dir='ltr'><strong>soluciones</strong></span> <span class='ocrx_word' id='word_1_70' title='bbox 1411 926 1501 971; x_wconf 92' lang='lat' dir='ltr'><strong>per</strong></span> <span class='ocrx_word' id='word_1_71' title='bbox 1537 926 1649 957; x_wconf 91' lang='lat' dir='ltr'><strong>eum</strong></span> <span class='ocrx_word' id='word_1_72' title='bbox 1686 910 1944 956; x_wconf 81' lang='lat' dir='ltr'><strong>faciendas</strong></span> <span class='ocrx_word' id='word_1_73' title='bbox 1980 911 2029 956; x_wconf 91' lang='lat' dir='ltr'><strong>in</strong></span> <span class='ocrx_word' id='word_1_74' title='bbox 2066 911 2216 956; x_wconf 91' lang='lat' dir='ltr'><strong>inicio</strong></span> <span class='ocrx_word' id='word_1_75' title='bbox 2255 911 2371 956; x_wconf 87' lang='lat' dir='ltr'><strong>anni</strong></span> 
     </span>
     <span class='ocr_line' id='line_1_9' title="bbox 331 972 2372 1032; baseline 0 -14"><span class='ocrx_word' id='word_1_76' title='bbox 331 975 396 1019; x_wconf 90' lang='lat' dir='ltr'><strong>de</strong></span> <span class='ocrx_word' id='word_1_77' title='bbox 439 972 576 1032; x_wconf 86' lang='lat' dir='ltr'><strong>ipsis⁴</strong></span> <span class='ocrx_word' id='word_1_78' title='bbox 620 974 824 1018; x_wconf 91' lang='lat' dir='ltr'><strong>summis</strong></span> <span class='ocrx_word' id='word_1_79' title='bbox 868 973 1056 1020; x_wconf 79' lang='lat' dir='ltr'><strong>faceret</strong></span> <span class='ocrx_word' id='word_1_80' title='bbox 1100 978 1150 1020; x_wconf 91' lang='lat' dir='ltr'><strong>et</strong></span> <span class='ocrx_word' id='word_1_81' title='bbox 1193 976 1243 1020; x_wconf 94' lang='lat' dir='ltr'><strong>in</strong></span> <span class='ocrx_word' id='word_1_82' title='bbox 1287 974 1386 1021; x_wconf 89' lang='lat' dir='ltr'><strong>fine</strong></span> <span class='ocrx_word' id='word_1_83' title='bbox 1429 975 1546 1020; x_wconf 88' lang='lat' dir='ltr'><strong>anni</strong></span> <span class='ocrx_word' id='word_1_84' title='bbox 1591 974 1855 1021; x_wconf 89' lang='lat' dir='ltr'><strong>cuiuslibet</strong></span> <span class='ocrx_word' id='word_1_85' title='bbox 1904 974 2106 1020; x_wconf 90' lang='lat' dir='ltr'><strong>easdem</strong></span> <span class='ocrx_word' id='word_1_86' title='bbox 2156 989 2372 1020; x_wconf 89' lang='lat' dir='ltr'><strong>summas</strong></span> 
     </span>
     <span class='ocr_line' id='line_1_10' title="bbox 329 1037 2374 1098; baseline 0 -16"><span class='ocrx_word' id='word_1_87' title='bbox 329 1038 625 1090; x_wconf 82' lang='lat' dir='ltr'><strong>restitueret,</strong></span> <span class='ocrx_word' id='word_1_88' title='bbox 650 1037 887 1098; x_wconf 89' lang='lat' dir='ltr'><strong>quodque</strong></span> <span class='ocrx_word' id='word_1_89' title='bbox 911 1038 1046 1083; x_wconf 92' lang='lat' dir='ltr'><strong>dicte</strong></span> <span class='ocrx_word' id='word_1_90' title='bbox 1070 1053 1261 1084; x_wconf 91' lang='lat' dir='ltr'><strong>summe</strong></span> <span class='ocrx_word' id='word_1_91' title='bbox 1284 1039 1381 1084; x_wconf 91' lang='lat' dir='ltr'><strong>iam</strong></span> <span class='ocrx_word' id='word_1_92' title='bbox 1406 1053 1467 1084; x_wconf 90' lang='lat' dir='ltr'><strong>ex</strong></span> <span class='ocrx_word' id='word_1_93' title='bbox 1490 1041 1598 1084; x_wconf 92' lang='lat' dir='ltr'><strong>toto</strong></span> <span class='ocrx_word' id='word_1_94' title='bbox 1615 1042 1702 1098; x_wconf 79' lang='lat' dir='ltr'><strong>per</strong></span> <span class='ocrx_word' id='word_1_95' title='bbox 1724 1053 1800 1083; x_wconf 86' lang='lat' dir='ltr'><strong>vos</strong></span> <span class='ocrx_word' id='word_1_96' title='bbox 1817 1038 2049 1082; x_wconf 86' lang='lat' dir='ltr'><strong>decanum</strong></span> <span class='ocrx_word' id='word_1_97' title='bbox 2068 1041 2110 1083; x_wconf 83' lang='lat' dir='ltr'><strong>et</strong></span> <span class='ocrx_word' id='word_1_98' title='bbox 2126 1039 2374 1084; x_wconf 87' lang='lat' dir='ltr'><strong>canonicos</strong></span> 
     </span>
     <span class='ocr_line' id='line_1_11' title="bbox 329 1100 2374 1161; baseline 0 -16"><span class='ocrx_word' id='word_1_99' title='bbox 329 1116 408 1145; x_wconf 87' lang='lat' dir='ltr'><strong>seu</strong></span> <span class='ocrx_word' id='word_1_100' title='bbox 431 1103 600 1146; x_wconf 77' lang='lat' dir='ltr'><strong>vestros</strong></span> <span class='ocrx_word' id='word_1_101' title='bbox 616 1101 953 1160; x_wconf 79' lang='lat' dir='ltr'><strong>predecessores</strong></span> <span class='ocrx_word' id='word_1_102' title='bbox 976 1103 1159 1147; x_wconf 68' lang='lat' dir='ltr'><strong>vestros⁵¹</strong></span> <span class='ocrx_word' id='word_1_103' title='bbox 1183 1105 1296 1147; x_wconf 92' lang='lat' dir='ltr'><strong>sunt</strong></span> <span class='ocrx_word' id='word_1_104' title='bbox 1319 1106 1627 1161; x_wconf 79' lang='lat' dir='ltr'><strong>consumpte,</strong></span> <span class='ocrx_word' id='word_1_105' title='bbox 1651 1102 1795 1147; x_wconf 91' lang='lat' dir='ltr'><strong>vobis</strong></span> <span class='ocrx_word' id='word_1_106' title='bbox 1819 1101 2012 1147; x_wconf 90' lang='lat' dir='ltr'><strong>decano</strong></span> <span class='ocrx_word' id='word_1_107' title='bbox 2037 1100 2104 1146; x_wconf 81' lang='lat' dir='ltr'><strong>et⁶</strong></span> <span class='ocrx_word' id='word_1_108' title='bbox 2118 1102 2374 1147; x_wconf 91' lang='lat' dir='ltr'><strong>canonicis</strong></span> 
     </span>
     <span class='ocr_line' id='line_1_12' title="bbox 329 1164 2372 1224; baseline 0 -15"><span class='ocrx_word' id='word_1_109' title='bbox 329 1164 587 1223; x_wconf 79' lang='lat' dir='ltr'><strong>predictis⁷</strong></span> <span class='ocrx_word' id='word_1_110' title='bbox 609 1165 911 1223; x_wconf 90' lang='lat' dir='ltr'><strong>iniungimus</strong></span> <span class='ocrx_word' id='word_1_111' title='bbox 935 1170 984 1210; x_wconf 91' lang='lat' dir='ltr'><strong>et</strong></span> <span class='ocrx_word' id='word_1_112' title='bbox 1007 1165 1301 1211; x_wconf 79' lang='lat' dir='ltr'><strong>mandamus</strong></span> <span class='ocrx_word' id='word_1_113' title='bbox 1324 1168 1388 1223; x_wconf 87' lang='lat' dir='ltr'><strong>vt,</strong></span> <span class='ocrx_word' id='word_1_114' title='bbox 1414 1181 1528 1212; x_wconf 93' lang='lat' dir='ltr'><strong>cum</strong></span> <span class='ocrx_word' id='word_1_115' title='bbox 1564 1165 1897 1224; x_wconf 85' lang='lat' dir='ltr'><strong>impedientes</strong></span> <span class='ocrx_word' id='word_1_116' title='bbox 1932 1165 2129 1210; x_wconf 89' lang='lat' dir='ltr'><strong>vltimas</strong></span> <span class='ocrx_word' id='word_1_117' title='bbox 2169 1164 2372 1210; x_wconf 82' lang='lat' dir='ltr'><strong>defunc-</strong></span> 
     </span>
     <span class='ocr_line' id='line_1_13' title="bbox 328 1227 2375 1288; baseline 0 -16"><span class='ocrx_word' id='word_1_118' title='bbox 328 1231 492 1274; x_wconf 89' lang='lat' dir='ltr'><strong>torum</strong></span> <span class='ocrx_word' id='word_1_119' title='bbox 547 1227 828 1274; x_wconf 91' lang='lat' dir='ltr'><strong>voluntates</strong></span> <span class='ocrx_word' id='word_1_120' title='bbox 883 1230 1460 1275; x_wconf 89' lang='lat' dir='ltr'><strong>excommunicacionem</strong></span> <span class='ocrx_word' id='word_1_121' title='bbox 1504 1230 1757 1275; x_wconf 88' lang='lat' dir='ltr'><strong>incurrant</strong></span> <span class='ocrx_word' id='word_1_122' title='bbox 1801 1229 1895 1288; x_wconf 79' lang='lat' dir='ltr'><strong>ipso</strong></span> <span class='ocrx_word' id='word_1_123' title='bbox 1927 1228 2076 1286; x_wconf 77' lang='lat' dir='ltr'><strong>sacto,</strong></span> <span class='ocrx_word' id='word_1_124' title='bbox 2123 1227 2375 1287; x_wconf 87' lang='lat' dir='ltr'><strong>predictas</strong></span> 
     </span>
     <span class='ocr_line' id='line_1_14' title="bbox 329 1291 2374 1353; baseline 0 -17"><span class='ocrx_word' id='word_1_125' title='bbox 329 1291 563 1336; x_wconf 75' lang='lat' dir='ltr'><strong>summas⁸</strong></span> <span class='ocrx_word' id='word_1_126' title='bbox 586 1292 719 1350; x_wconf 82' lang='lat' dir='ltr'><strong>infra</strong></span> <span class='ocrx_word' id='word_1_127' title='bbox 745 1291 988 1337; x_wconf 83' lang='lat' dir='ltr'><strong>biennium</strong></span> <span class='ocrx_word' id='word_1_128' title='bbox 1011 1307 1044 1337; x_wconf 93' lang='lat' dir='ltr'><strong>a</strong></span> <span class='ocrx_word' id='word_1_129' title='bbox 1068 1296 1268 1352; x_wconf 77' lang='lat' dir='ltr'><strong>tempore</strong></span> <span class='ocrx_word' id='word_1_130' title='bbox 1300 1294 1410 1338; x_wconf 81' lang='lat' dir='ltr'><strong>date</strong></span> <span class='ocrx_word' id='word_1_131' title='bbox 1439 1293 1730 1353; x_wconf 78' lang='lat' dir='ltr'><strong>presencium</strong></span> <span class='ocrx_word' id='word_1_132' title='bbox 1769 1293 1986 1338; x_wconf 82' lang='lat' dir='ltr'><strong>continue</strong></span> <span class='ocrx_word' id='word_1_133' title='bbox 2021 1291 2374 1336; x_wconf 85' lang='lat' dir='ltr'><strong>numerandum</strong></span> 
     </span>
     <span class='ocr_line' id='line_1_15' title="bbox 329 1355 2374 1416; baseline 0 -17"><span class='ocrx_word' id='word_1_134' title='bbox 329 1355 415 1400; x_wconf 86' lang='lat' dir='ltr'><strong>sub</strong></span> <span class='ocrx_word' id='word_1_135' title='bbox 446 1358 571 1414; x_wconf 79' lang='lat' dir='ltr'><strong>pena</strong></span> <span class='ocrx_word' id='word_1_136' title='bbox 606 1356 1110 1402; x_wconf 84' lang='lat' dir='ltr'><strong>excommunicacionis</strong></span> <span class='ocrx_word' id='word_1_137' title='bbox 1149 1357 1346 1402; x_wconf 89' lang='lat' dir='ltr'><strong>maioris</strong></span> <span class='ocrx_word' id='word_1_138' title='bbox 1382 1358 1432 1402; x_wconf 86' lang='lat' dir='ltr'><strong>in</strong></span> <span class='ocrx_word' id='word_1_139' title='bbox 1463 1356 1704 1416; x_wconf 77' lang='lat' dir='ltr'><strong>personas⁰</strong></span> <span class='ocrx_word' id='word_1_140' title='bbox 1728 1359 1826 1401; x_wconf 81' lang='lat' dir='ltr'><strong>tam</strong></span> <span class='ocrx_word' id='word_1_141' title='bbox 1863 1355 2002 1401; x_wconf 82' lang='lat' dir='ltr'><strong>vestri</strong></span> <span class='ocrx_word' id='word_1_142' title='bbox 2036 1355 2206 1400; x_wconf 87' lang='lat' dir='ltr'><strong>decani</strong></span> <span class='ocrx_word' id='word_1_143' title='bbox 2228 1369 2374 1415; x_wconf 86' lang='lat' dir='ltr'><strong>quam</strong></span> 
     </span>
     <span class='ocr_line' id='line_1_16' title="bbox 327 1419 2373 1478; baseline 0 -15"><span class='ocrx_word' id='word_1_144' title='bbox 327 1419 646 1477; x_wconf 78' lang='lat' dir='ltr'><strong>singularium</strong></span> <span class='ocrx_word' id='word_1_145' title='bbox 672 1420 1007 1465; x_wconf 85' lang='lat' dir='ltr'><strong>canonicorum</strong></span> <span class='ocrx_word' id='word_1_146' title='bbox 1033 1421 1153 1465; x_wconf 81' lang='lat' dir='ltr'><strong>dicte</strong></span> <span class='ocrx_word' id='word_1_147' title='bbox 1174 1421 1355 1466; x_wconf 86' lang='lat' dir='ltr'><strong>ecclesie</strong></span> <span class='ocrx_word' id='word_1_148' title='bbox 1375 1420 1589 1478; x_wconf 86' lang='lat' dir='ltr'><strong>ferende,</strong></span> <span class='ocrx_word' id='word_1_149' title='bbox 1609 1420 1674 1466; x_wconf 91' lang='lat' dir='ltr'><strong>ad</strong></span> <span class='ocrx_word' id='word_1_150' title='bbox 1696 1435 1838 1466; x_wconf 86' lang='lat' dir='ltr'><strong>vsum</strong></span> <span class='ocrx_word' id='word_1_151' title='bbox 1862 1419 2162 1465; x_wconf 87' lang='lat' dir='ltr'><strong>destinatum</strong></span> <span class='ocrx_word' id='word_1_152' title='bbox 2182 1419 2373 1464; x_wconf 89' lang='lat' dir='ltr'><strong>restitui</strong></span> 
     </span>
     <span class='ocr_line' id='line_1_17' title="bbox 328 1482 1597 1544; baseline 0.002 -17"><span class='ocrx_word' id='word_1_153' title='bbox 328 1482 522 1528; x_wconf 81' lang='lat' dir='ltr'><strong>faciatis</strong></span> <span class='ocrx_word' id='word_1_154' title='bbox 544 1485 585 1528; x_wconf 83' lang='lat' dir='ltr'><strong>et</strong></span> <span class='ocrx_word' id='word_1_155' title='bbox 609 1483 660 1527; x_wconf 87' lang='lat' dir='ltr'><strong>in</strong></span> <span class='ocrx_word' id='word_1_156' title='bbox 684 1483 786 1529; x_wconf 91' lang='lat' dir='ltr'><strong>loco</strong></span> <span class='ocrx_word' id='word_1_157' title='bbox 808 1484 876 1528; x_wconf 85' lang='lat' dir='ltr'><strong>ad</strong></span> <span class='ocrx_word' id='word_1_158' title='bbox 899 1482 983 1529; x_wconf 84' lang='lat' dir='ltr'><strong>hoc</strong></span> <span class='ocrx_word' id='word_1_159' title='bbox 1005 1483 1118 1528; x_wconf 85' lang='lat' dir='ltr'><strong>olim</strong></span> <span class='ocrx_word' id='word_1_160' title='bbox 1142 1485 1363 1544; x_wconf 78' lang='lat' dir='ltr'><strong>deputato</strong></span> <span class='ocrx_word' id='word_1_161' title='bbox 1386 1483 1597 1544; x_wconf 80' lang='lat' dir='ltr'><strong>reponi.¹⁰</strong></span> 
     </span>
    </p>

    <p class='ocr_par' dir='ltr' id='par_1_3' title="bbox 325 1546 2371 1990">
     <span class='ocr_line' id='line_1_18' title="bbox 459 1546 2371 1608; baseline 0 -17"><span class='ocrx_word' id='word_1_162' title='bbox 459 1547 584 1591; x_wconf 88' lang='lat' dir='ltr'><strong>Item</strong></span> <span class='ocrx_word' id='word_1_163' title='bbox 607 1561 722 1592; x_wconf 89' lang='lat' dir='ltr'><strong>cum</strong></span> <span class='ocrx_word' id='word_1_164' title='bbox 756 1547 901 1592; x_wconf 90' lang='lat' dir='ltr'><strong>nobis</strong></span> <span class='ocrx_word' id='word_1_165' title='bbox 935 1547 1189 1593; x_wconf 88' lang='lat' dir='ltr'><strong>detectum</strong></span> <span class='ocrx_word' id='word_1_166' title='bbox 1226 1549 1404 1593; x_wconf 89' lang='lat' dir='ltr'><strong>existat</strong></span> <span class='ocrx_word' id='word_1_167' title='bbox 1439 1547 1577 1608; x_wconf 82' lang='lat' dir='ltr'><strong>quod</strong></span> <span class='ocrx_word' id='word_1_168' title='bbox 1613 1548 1735 1593; x_wconf 89' lang='lat' dir='ltr'><strong>certi</strong></span> <span class='ocrx_word' id='word_1_169' title='bbox 1771 1547 1938 1593; x_wconf 89' lang='lat' dir='ltr'><strong>obitus</strong></span> <span class='ocrx_word' id='word_1_170' title='bbox 1973 1546 2286 1593; x_wconf 87' lang='lat' dir='ltr'><strong>celebrantur</strong></span> <span class='ocrx_word' id='word_1_171' title='bbox 2320 1546 2371 1591; x_wconf 91' lang='lat' dir='ltr'><strong>in</strong></span> 
     </span>
     <span class='ocr_line' id='line_1_19' title="bbox 325 1609 2368 1671; baseline 0 -17"><span class='ocrx_word' id='word_1_172' title='bbox 325 1609 552 1668; x_wconf 86' lang='lat' dir='ltr'><strong>collegio,</strong></span> <span class='ocrx_word' id='word_1_173' title='bbox 579 1613 628 1655; x_wconf 87' lang='lat' dir='ltr'><strong>et</strong></span> <span class='ocrx_word' id='word_1_174' title='bbox 652 1610 787 1671; x_wconf 88' lang='lat' dir='ltr'><strong>quod</strong></span> <span class='ocrx_word' id='word_1_175' title='bbox 825 1625 911 1656; x_wconf 88' lang='lat' dir='ltr'><strong>eos</strong></span> <span class='ocrx_word' id='word_1_176' title='bbox 947 1610 1355 1657; x_wconf 84' lang='lat' dir='ltr'><strong>celebrantibus11</strong></span> <span class='ocrx_word' id='word_1_177' title='bbox 1378 1611 1605 1657; x_wconf 91' lang='lat' dir='ltr'><strong>redditus</strong></span> <span class='ocrx_word' id='word_1_178' title='bbox 1634 1612 1960 1671; x_wconf 79' lang='lat' dir='ltr'><strong>prouenientes</strong></span> <span class='ocrx_word' id='word_1_179' title='bbox 1988 1611 2047 1656; x_wconf 87' lang='lat' dir='ltr'><strong>de</strong></span> <span class='ocrx_word' id='word_1_180' title='bbox 2081 1609 2215 1655; x_wconf 82' lang='lat' dir='ltr'><strong>certis</strong></span> <span class='ocrx_word' id='word_1_181' title='bbox 2250 1613 2368 1655; x_wconf 85' lang='lat' dir='ltr'><strong>tene-</strong></span> 
     </span>
     <span class='ocr_line' id='line_1_20' title="bbox 331 1673 2371 1736; baseline 0 -18"><span class='ocrx_word' id='word_1_182' title='bbox 331 1675 494 1718; x_wconf 79' lang='lat' dir='ltr'><strong>mentis</strong></span> <span class='ocrx_word' id='word_1_183' title='bbox 517 1674 567 1718; x_wconf 93' lang='lat' dir='ltr'><strong>in</strong></span> <span class='ocrx_word' id='word_1_184' title='bbox 602 1674 718 1719; x_wconf 89' lang='lat' dir='ltr'><strong>villa</strong></span> <span class='ocrx_word' id='word_1_185' title='bbox 757 1673 1042 1734; x_wconf 91' lang='lat' dir='ltr'><strong>Leycestrie</strong></span> <span class='ocrx_word' id='word_1_186' title='bbox 1078 1675 1146 1720; x_wconf 85' lang='lat' dir='ltr'><strong>ad</strong></span> <span class='ocrx_word' id='word_1_187' title='bbox 1181 1674 1265 1720; x_wconf 86' lang='lat' dir='ltr'><strong>hoc</strong></span> <span class='ocrx_word' id='word_1_188' title='bbox 1301 1675 1427 1720; x_wconf 78' lang='lat' dir='ltr'><strong>datis</strong></span> <span class='ocrx_word' id='word_1_189' title='bbox 1461 1675 1784 1729; x_wconf 86' lang='lat' dir='ltr'><strong>soluerentur,</strong></span> <span class='ocrx_word' id='word_1_190' title='bbox 1810 1677 1859 1720; x_wconf 89' lang='lat' dir='ltr'><strong>et</strong></span> <span class='ocrx_word' id='word_1_191' title='bbox 1881 1688 2181 1736; x_wconf 91' lang='lat' dir='ltr'><strong>quamquam</strong></span> <span class='ocrx_word' id='word_1_192' title='bbox 2204 1673 2371 1719; x_wconf 85' lang='lat' dir='ltr'><strong>obitus</strong></span> 
     </span>
     <span class='ocr_line' id='line_1_21' title="bbox 328 1736 2370 1798; baseline -0.001 -15"><span class='ocrx_word' id='word_1_193' title='bbox 328 1737 644 1783; x_wconf 91' lang='lat' dir='ltr'><strong>celebrentur</strong></span> <span class='ocrx_word' id='word_1_194' title='bbox 668 1737 821 1782; x_wconf 89' lang='lat' dir='ltr'><strong>nichil</strong></span> <span class='ocrx_word' id='word_1_195' title='bbox 844 1741 1012 1783; x_wconf 90' lang='lat' dir='ltr'><strong>tamen</strong></span> <span class='ocrx_word' id='word_1_196' title='bbox 1036 1739 1406 1784; x_wconf 88' lang='lat' dir='ltr'><strong>celebrantibus</strong></span> <span class='ocrx_word' id='word_1_197' title='bbox 1427 1739 1719 1798; x_wconf 86' lang='lat' dir='ltr'><strong>applicatur,</strong></span> <span class='ocrx_word' id='word_1_198' title='bbox 1743 1738 1970 1784; x_wconf 92' lang='lat' dir='ltr'><strong>volumus</strong></span> <span class='ocrx_word' id='word_1_199' title='bbox 2002 1740 2045 1783; x_wconf 79' lang='lat' dir='ltr'><strong>el</strong></span> <span class='ocrx_word' id='word_1_200' title='bbox 2079 1736 2370 1797; x_wconf 84' lang='lat' dir='ltr'><strong>iniungimus</strong></span> 
     </span>
     <span class='ocr_line' id='line_1_22' title="bbox 327 1801 2367 1862; baseline 0 -17"><span class='ocrx_word' id='word_1_201' title='bbox 327 1803 379 1846; x_wconf 91' lang='lat' dir='ltr'><strong>vt</strong></span> <span class='ocrx_word' id='word_1_202' title='bbox 414 1803 528 1860; x_wconf 89' lang='lat' dir='ltr'><strong>post</strong></span> <span class='ocrx_word' id='word_1_203' title='bbox 566 1802 833 1847; x_wconf 86' lang='lat' dir='ltr'><strong>triennium</strong></span> <span class='ocrx_word' id='word_1_204' title='bbox 869 1801 1093 1861; x_wconf 89' lang='lat' dir='ltr'><strong>elapsum</strong></span> <span class='ocrx_word' id='word_1_205' title='bbox 1130 1806 1244 1862; x_wconf 88' lang='lat' dir='ltr'><strong>post</strong></span> <span class='ocrx_word' id='word_1_206' title='bbox 1278 1803 1656 1848; x_wconf 89' lang='lat' dir='ltr'><strong>ordinacionem</strong></span> <span class='ocrx_word' id='word_1_207' title='bbox 1692 1817 1841 1862; x_wconf 89' lang='lat' dir='ltr'><strong>super</strong></span> <span class='ocrx_word' id='word_1_208' title='bbox 1876 1802 2199 1862; x_wconf 73' lang='lat' dir='ltr'><strong>repar-acione</strong></span> <span class='ocrx_word' id='word_1_209' title='bbox 2233 1803 2367 1846; x_wconf 92' lang='lat' dir='ltr'><strong>tene·</strong></span> 
     </span>
     <span class='ocr_line' id='line_1_23' title="bbox 325 1864 2368 1922; baseline 0 -13"><span class='ocrx_word' id='word_1_210' title='bbox 325 1865 643 1910; x_wconf 73' lang='lat' dir='ltr'><strong>mentorum¹²¹</strong></span> <span class='ocrx_word' id='word_1_211' title='bbox 679 1865 964 1911; x_wconf 90' lang='lat' dir='ltr'><strong>huiusmodi</strong></span> <span class='ocrx_word' id='word_1_212' title='bbox 1001 1867 1058 1911; x_wconf 85' lang='lat' dir='ltr'><strong>de</strong></span> <span class='ocrx_word' id='word_1_213' title='bbox 1096 1867 1309 1911; x_wconf 89' lang='lat' dir='ltr'><strong>omnium</strong></span> <span class='ocrx_word' id='word_1_214' title='bbox 1349 1870 1549 1912; x_wconf 77' lang='lat' dir='ltr'><strong>vestrum</strong></span> <span class='ocrx_word' id='word_1_215' title='bbox 1590 1881 1822 1922; x_wconf 86' lang='lat' dir='ltr'><strong>consensu,</strong></span> <span class='ocrx_word' id='word_1_216' title='bbox 1862 1869 1908 1911; x_wconf 82' lang='lat' dir='ltr'><strong>vl</strong></span> <span class='ocrx_word' id='word_1_217' title='bbox 1943 1865 2159 1922; x_wconf 79' lang='lat' dir='ltr'><strong>asseritis,</strong></span> <span class='ocrx_word' id='word_1_218' title='bbox 2185 1864 2368 1910; x_wconf 78' lang='lat' dir='ltr'><strong>factam</strong></span> 
     </span>
     <span class='ocr_line' id='line_1_24' title="bbox 329 1928 1592 1990; baseline 0.002 -17"><span class='ocrx_word' id='word_1_219' title='bbox 329 1929 450 1974; x_wconf 89' lang='lat' dir='ltr'><strong>dicti</strong></span> <span class='ocrx_word' id='word_1_220' title='bbox 475 1928 700 1974; x_wconf 85' lang='lat' dir='ltr'><strong>redditus</strong></span> <span class='ocrx_word' id='word_1_221' title='bbox 723 1930 773 1974; x_wconf 92' lang='lat' dir='ltr'><strong>in</strong></span> <span class='ocrx_word' id='word_1_222' title='bbox 796 1944 912 1974; x_wconf 92' lang='lat' dir='ltr'><strong>vsus</strong></span> <span class='ocrx_word' id='word_1_223' title='bbox 935 1929 1210 1976; x_wconf 88' lang='lat' dir='ltr'><strong>destinatos</strong></span> <span class='ocrx_word' id='word_1_224' title='bbox 1232 1930 1592 1990; x_wconf 86' lang='lat' dir='ltr'><strong>expendantur.</strong></span> 
     </span>
    </p>

    <p class='ocr_par' dir='ltr' id='par_1_4' title="bbox 326 1992 2370 2611">
     <span class='ocr_line' id='line_1_25' title="bbox 459 1992 2368 2052; baseline -0.001 -15"><span class='ocrx_word' id='word_1_225' title='bbox 459 1993 585 2038; x_wconf 89' lang='lat' dir='ltr'><strong>Item</strong></span> <span class='ocrx_word' id='word_1_226' title='bbox 609 2007 722 2038; x_wconf 91' lang='lat' dir='ltr'><strong>cum</strong></span> <span class='ocrx_word' id='word_1_227' title='bbox 740 2007 801 2038; x_wconf 92' lang='lat' dir='ltr'><strong>ex</strong></span> <span class='ocrx_word' id='word_1_228' title='bbox 819 1994 1013 2038; x_wconf 90' lang='lat' dir='ltr'><strong>statutis</strong></span> <span class='ocrx_word' id='word_1_229' title='bbox 1032 1994 1271 2052; x_wconf 87' lang='lat' dir='ltr'><strong>predictis</strong></span> <span class='ocrx_word' id='word_1_230' title='bbox 1287 1994 1543 2039; x_wconf 86' lang='lat' dir='ltr'><strong>incumbat</strong></span> <span class='ocrx_word' id='word_1_231' title='bbox 1561 1994 1764 2040; x_wconf 88' lang='lat' dir='ltr'><strong>sacriste</strong></span> <span class='ocrx_word' id='word_1_232' title='bbox 1782 2007 1875 2052; x_wconf 93' lang='lat' dir='ltr'><strong>pro</strong></span> <span class='ocrx_word' id='word_1_233' title='bbox 1893 1995 2120 2052; x_wconf 90' lang='lat' dir='ltr'><strong>tempore</strong></span> <span class='ocrx_word' id='word_1_234' title='bbox 2137 1992 2368 2038; x_wconf 87' lang='lat' dir='ltr'><strong>existenti</strong></span> 
     </span>
     <span class='ocr_line' id='line_1_26' title="bbox 326 2055 2368 2117; baseline 0 -17"><span class='ocrx_word' id='word_1_235' title='bbox 326 2055 571 2101; x_wconf 88' lang='lat' dir='ltr'><strong>choristas</strong></span> <span class='ocrx_word' id='word_1_236' title='bbox 595 2056 931 2115; x_wconf 88' lang='lat' dir='ltr'><strong>superuidere,</strong></span> <span class='ocrx_word' id='word_1_237' title='bbox 956 2070 1130 2116; x_wconf 88' lang='lat' dir='ltr'><strong>regere</strong></span> <span class='ocrx_word' id='word_1_238' title='bbox 1153 2060 1203 2103; x_wconf 84' lang='lat' dir='ltr'><strong>et</strong></span> <span class='ocrx_word' id='word_1_239' title='bbox 1224 2058 1515 2117; x_wconf 89' lang='lat' dir='ltr'><strong>gubernare,</strong></span> <span class='ocrx_word' id='word_1_240' title='bbox 1537 2061 1585 2104; x_wconf 92' lang='lat' dir='ltr'><strong>et</strong></span> <span class='ocrx_word' id='word_1_241' title='bbox 1603 2058 1749 2103; x_wconf 90' lang='lat' dir='ltr'><strong>nobis</strong></span> <span class='ocrx_word' id='word_1_242' title='bbox 1766 2058 2018 2103; x_wconf 88' lang='lat' dir='ltr'><strong>detectum</strong></span> <span class='ocrx_word' id='word_1_243' title='bbox 2038 2057 2216 2102; x_wconf 85' lang='lat' dir='ltr'><strong>existat</strong></span> <span class='ocrx_word' id='word_1_244' title='bbox 2233 2055 2368 2116; x_wconf 92' lang='lat' dir='ltr'><strong>quod</strong></span> 
     </span>
     <span class='ocr_line' id='line_1_27' title="bbox 328 2119 2370 2183; baseline -0 -18"><span class='ocrx_word' id='word_1_245' title='bbox 328 2119 547 2165; x_wconf 90' lang='lat' dir='ltr'><strong>choriste</strong></span> <span class='ocrx_word' id='word_1_246' title='bbox 565 2120 776 2165; x_wconf 90' lang='lat' dir='ltr'><strong>ecclesie</strong></span> <span class='ocrx_word' id='word_1_247' title='bbox 794 2120 923 2165; x_wconf 90' lang='lat' dir='ltr'><strong>illius</strong></span> <span class='ocrx_word' id='word_1_248' title='bbox 941 2121 1037 2166; x_wconf 91' lang='lat' dir='ltr'><strong>hiis</strong></span> <span class='ocrx_word' id='word_1_249' title='bbox 1055 2121 1232 2167; x_wconf 90' lang='lat' dir='ltr'><strong>diebus</strong></span> <span class='ocrx_word' id='word_1_250' title='bbox 1250 2122 1389 2182; x_wconf 87' lang='lat' dir='ltr'><strong>quasi</strong></span> <span class='ocrx_word' id='word_1_251' title='bbox 1407 2122 1596 2183; x_wconf 85' lang='lat' dir='ltr'><strong>absque</strong></span> <span class='ocrx_word' id='word_1_252' title='bbox 1614 2121 1823 2167; x_wconf 88' lang='lat' dir='ltr'><strong>ductore</strong></span> <span class='ocrx_word' id='word_1_253' title='bbox 1845 2123 2082 2180; x_wconf 86' lang='lat' dir='ltr'><strong>vagantes</strong></span> <span class='ocrx_word' id='word_1_254' title='bbox 2106 2119 2370 2166; x_wconf 90' lang='lat' dir='ltr'><strong>intendunt</strong></span> 
     </span>
     <span class='ocr_line' id='line_1_28' title="bbox 329 2183 2367 2244; baseline -0 -16"><span class='ocrx_word' id='word_1_255' title='bbox 329 2183 617 2228; x_wconf 89' lang='lat' dir='ltr'><strong>excursibus</strong></span> <span class='ocrx_word' id='word_1_256' title='bbox 652 2186 702 2229; x_wconf 91' lang='lat' dir='ltr'><strong>et</strong></span> <span class='ocrx_word' id='word_1_257' title='bbox 737 2184 845 2229; x_wconf 90' lang='lat' dir='ltr'><strong>aliis</strong></span> <span class='ocrx_word' id='word_1_258' title='bbox 880 2185 1180 2241; x_wconf 86' lang='lat' dir='ltr'><strong>insolenciis,</strong></span> <span class='ocrx_word' id='word_1_259' title='bbox 1205 2187 1256 2230; x_wconf 92' lang='lat' dir='ltr'><strong>in</strong></span> <span class='ocrx_word' id='word_1_260' title='bbox 1279 2186 1541 2230; x_wconf 89' lang='lat' dir='ltr'><strong>virtutibus</strong></span> <span class='ocrx_word' id='word_1_261' title='bbox 1565 2185 1831 2230; x_wconf 85' lang='lat' dir='ltr'><strong>nullatinus</strong></span> <span class='ocrx_word' id='word_1_262' title='bbox 1854 2183 2186 2244; x_wconf 90' lang='lat' dir='ltr'><strong>proficientes,</strong></span> <span class='ocrx_word' id='word_1_263' title='bbox 2211 2183 2367 2228; x_wconf 90' lang='lat' dir='ltr'><strong>iniun-</strong></span> 
     </span>
     <span class='ocr_line' id='line_1_29' title="bbox 328 2245 2364 2306; baseline 0 -15"><span class='ocrx_word' id='word_1_264' title='bbox 328 2248 490 2306; x_wconf 87' lang='lat' dir='ltr'><strong>gimus</strong></span> <span class='ocrx_word' id='word_1_265' title='bbox 523 2250 790 2306; x_wconf 89' lang='lat' dir='ltr'><strong>propterea</strong></span> <span class='ocrx_word' id='word_1_266' title='bbox 822 2248 966 2293; x_wconf 91' lang='lat' dir='ltr'><strong>vobis</strong></span> <span class='ocrx_word' id='word_1_267' title='bbox 1002 2264 1135 2294; x_wconf 91' lang='lat' dir='ltr'><strong>nunc</strong></span> <span class='ocrx_word' id='word_1_268' title='bbox 1169 2248 1395 2294; x_wconf 78' lang='lat' dir='ltr'><strong>sacriste¹³³</strong></span> <span class='ocrx_word' id='word_1_269' title='bbox 1417 2251 1467 2294; x_wconf 92' lang='lat' dir='ltr'><strong>et</strong></span> <span class='ocrx_word' id='word_1_270' title='bbox 1505 2249 1709 2295; x_wconf 88' lang='lat' dir='ltr'><strong>cuilibet</strong></span> <span class='ocrx_word' id='word_1_271' title='bbox 1743 2249 1887 2294; x_wconf 91' lang='lat' dir='ltr'><strong>vobis</strong></span> <span class='ocrx_word' id='word_1_272' title='bbox 1909 2249 1959 2293; x_wconf 93' lang='lat' dir='ltr'><strong>in</strong></span> <span class='ocrx_word' id='word_1_273' title='bbox 1983 2247 2163 2293; x_wconf 90' lang='lat' dir='ltr'><strong>eodem</strong></span> <span class='ocrx_word' id='word_1_274' title='bbox 2199 2245 2364 2292; x_wconf 89' lang='lat' dir='ltr'><strong>officio</strong></span> 
     </span>
     <span class='ocr_line' id='line_1_30' title="bbox 330 2311 2370 2371; baseline 0 -16"><span class='ocrx_word' id='word_1_275' title='bbox 330 2311 679 2356; x_wconf 89' lang='lat' dir='ltr'><strong>substituendo</strong></span> <span class='ocrx_word' id='word_1_276' title='bbox 703 2311 795 2356; x_wconf 88' lang='lat' dir='ltr'><strong>sub</strong></span> <span class='ocrx_word' id='word_1_277' title='bbox 819 2326 949 2371; x_wconf 91' lang='lat' dir='ltr'><strong>pena</strong></span> <span class='ocrx_word' id='word_1_278' title='bbox 971 2313 1524 2367; x_wconf 85' lang='lat' dir='ltr'><strong>excommunicacionis,</strong></span> <span class='ocrx_word' id='word_1_279' title='bbox 1549 2314 1716 2371; x_wconf 88' lang='lat' dir='ltr'><strong>preter</strong></span> <span class='ocrx_word' id='word_1_280' title='bbox 1751 2327 1934 2371; x_wconf 88' lang='lat' dir='ltr'><strong>penam</strong></span> <span class='ocrx_word' id='word_1_281' title='bbox 1969 2326 2058 2370; x_wconf 91' lang='lat' dir='ltr'><strong>per</strong></span> <span class='ocrx_word' id='word_1_282' title='bbox 2094 2313 2277 2356; x_wconf 86' lang='lat' dir='ltr'><strong>statuta</strong></span> <span class='ocrx_word' id='word_1_283' title='bbox 2311 2325 2370 2356; x_wconf 91' lang='lat' dir='ltr'><strong>ea</strong></span> 
     </span>
     <span class='ocr_line' id='line_1_31' title="bbox 330 2374 2370 2435; baseline 0 -16"><span class='ocrx_word' id='word_1_284' title='bbox 330 2389 430 2419; x_wconf 88' lang='lat' dir='ltr'><strong>non</strong></span> <span class='ocrx_word' id='word_1_285' title='bbox 475 2375 787 2420; x_wconf 88' lang='lat' dir='ltr'><strong>seruantibus</strong></span> <span class='ocrx_word' id='word_1_286' title='bbox 825 2377 1124 2434; x_wconf 88' lang='lat' dir='ltr'><strong>impositam,</strong></span> <span class='ocrx_word' id='word_1_287' title='bbox 1165 2379 1217 2422; x_wconf 87' lang='lat' dir='ltr'><strong>vt</strong></span> <span class='ocrx_word' id='word_1_288' title='bbox 1255 2376 1520 2435; x_wconf 87' lang='lat' dir='ltr'><strong>diligenter</strong></span> <span class='ocrx_word' id='word_1_289' title='bbox 1565 2375 1928 2435; x_wconf 89' lang='lat' dir='ltr'><strong>superuideatis</strong></span> <span class='ocrx_word' id='word_1_290' title='bbox 1972 2374 2106 2435; x_wconf 91' lang='lat' dir='ltr'><strong>quod</strong></span> <span class='ocrx_word' id='word_1_291' title='bbox 2151 2374 2370 2420; x_wconf 90' lang='lat' dir='ltr'><strong>choriste</strong></span> 
     </span>
     <span class='ocr_line' id='line_1_32' title="bbox 327 2438 2369 2499; baseline 0 -17"><span class='ocrx_word' id='word_1_292' title='bbox 327 2439 638 2497; x_wconf 87' lang='lat' dir='ltr'><strong>temporibus</strong></span> <span class='ocrx_word' id='word_1_293' title='bbox 676 2439 853 2498; x_wconf 90' lang='lat' dir='ltr'><strong>quibus</strong></span> <span class='ocrx_word' id='word_1_294' title='bbox 892 2440 942 2484; x_wconf 91' lang='lat' dir='ltr'><strong>in</strong></span> <span class='ocrx_word' id='word_1_295' title='bbox 982 2440 1194 2486; x_wconf 91' lang='lat' dir='ltr'><strong>ecclesia</strong></span> <span class='ocrx_word' id='word_1_296' title='bbox 1230 2455 1331 2486; x_wconf 93' lang='lat' dir='ltr'><strong>non</strong></span> <span class='ocrx_word' id='word_1_297' title='bbox 1366 2442 1674 2499; x_wconf 88' lang='lat' dir='ltr'><strong>occupantur</strong></span> <span class='ocrx_word' id='word_1_298' title='bbox 1709 2439 1971 2485; x_wconf 89' lang='lat' dir='ltr'><strong>intendant</strong></span> <span class='ocrx_word' id='word_1_299' title='bbox 2006 2438 2282 2484; x_wconf 90' lang='lat' dir='ltr'><strong>erudicioni</strong></span> <span class='ocrx_word' id='word_1_300' title='bbox 2319 2439 2369 2483; x_wconf 89' lang='lat' dir='ltr'><strong>et</strong></span> 
     </span>
     <span class='ocr_line' id='line_1_33' title="bbox 327 2501 2367 2563; baseline -0 -16"><span class='ocrx_word' id='word_1_301' title='bbox 327 2501 568 2558; x_wconf 87' lang='lat' dir='ltr'><strong>doctrine,</strong></span> <span class='ocrx_word' id='word_1_302' title='bbox 615 2505 667 2547; x_wconf 92' lang='lat' dir='ltr'><strong>vt</strong></span> <span class='ocrx_word' id='word_1_303' title='bbox 711 2504 781 2548; x_wconf 92' lang='lat' dir='ltr'><strong>sic</strong></span> <span class='ocrx_word' id='word_1_304' title='bbox 827 2504 920 2548; x_wconf 89' lang='lat' dir='ltr'><strong>sub</strong></span> <span class='ocrx_word' id='word_1_305' title='bbox 966 2504 1104 2563; x_wconf 86' lang='lat' dir='ltr'><strong>virga</strong></span> <span class='ocrx_word' id='word_1_306' title='bbox 1160 2504 1402 2563; x_wconf 88' lang='lat' dir='ltr'><strong>degentes</strong></span> <span class='ocrx_word' id='word_1_307' title='bbox 1447 2503 1511 2549; x_wconf 93' lang='lat' dir='ltr'><strong>de</strong></span> <span class='ocrx_word' id='word_1_308' title='bbox 1555 2505 1735 2549; x_wconf 88' lang='lat' dir='ltr'><strong>virtute</strong></span> <span class='ocrx_word' id='word_1_309' title='bbox 1790 2502 2035 2563; x_wconf 88' lang='lat' dir='ltr'><strong>proficere</strong></span> <span class='ocrx_word' id='word_1_310' title='bbox 2078 2501 2275 2548; x_wconf 87' lang='lat' dir='ltr'><strong>valeant</strong></span> <span class='ocrx_word' id='word_1_311' title='bbox 2318 2501 2367 2546; x_wconf 91' lang='lat' dir='ltr'><strong>in</strong></span> 
     </span>
     <span class='ocr_line' id='line_1_34' title="bbox 328 2565 614 2611; baseline 0.003 -1"><span class='ocrx_word' id='word_1_312' title='bbox 328 2565 614 2611; x_wconf 80' lang='lat' dir='ltr'><strong>virtutem.¹⁴</strong></span> 
     </span>
    </p>

    <p class='ocr_par' dir='ltr' id='par_1_5' title="bbox 323 2628 2369 2945">
     <span class='ocr_line' id='line_1_35' title="bbox 460 2628 2368 2690; baseline -0.001 -16"><span class='ocrx_word' id='word_1_313' title='bbox 460 2628 529 2690; x_wconf 90' lang='lat' dir='ltr'><strong>[F</strong></span> <span class='ocrx_word' id='word_1_314' title='bbox 532 2645 576 2675; x_wconf 90' lang='lat' dir='ltr'><strong>o.</strong></span> <span class='ocrx_word' id='word_1_315' title='bbox 608 2629 774 2690; x_wconf 85' lang='lat' dir='ltr'><strong>102d.]</strong></span> <span class='ocrx_word' id='word_1_316' title='bbox 849 2631 974 2676; x_wconf 88' lang='lat' dir='ltr'><strong>Item</strong></span> <span class='ocrx_word' id='word_1_317' title='bbox 999 2631 1149 2676; x_wconf 75' lang='lat' dir='ltr'><strong>cum¹5</strong></span> <span class='ocrx_word' id='word_1_318' title='bbox 1171 2632 1316 2678; x_wconf 90' lang='lat' dir='ltr'><strong>nobis</strong></span> <span class='ocrx_word' id='word_1_319' title='bbox 1339 2631 1592 2677; x_wconf 90' lang='lat' dir='ltr'><strong>detectum</strong></span> <span class='ocrx_word' id='word_1_320' title='bbox 1616 2631 1678 2676; x_wconf 88' lang='lat' dir='ltr'><strong>sit</strong></span> <span class='ocrx_word' id='word_1_321' title='bbox 1700 2634 1742 2676; x_wconf 84' lang='lat' dir='ltr'><strong>et</strong></span> <span class='ocrx_word' id='word_1_322' title='bbox 1766 2630 1985 2676; x_wconf 89' lang='lat' dir='ltr'><strong>delatum</strong></span> <span class='ocrx_word' id='word_1_323' title='bbox 2020 2629 2154 2690; x_wconf 91' lang='lat' dir='ltr'><strong>quod</strong></span> <span class='ocrx_word' id='word_1_324' title='bbox 2179 2628 2368 2674; x_wconf 89' lang='lat' dir='ltr'><strong>dudum</strong></span> 
     </span>
     <span class='ocr_line' id='line_1_36' title="bbox 326 2692 2369 2754; baseline -0 -16"><span class='ocrx_word' id='word_1_325' title='bbox 326 2694 497 2738; x_wconf 90' lang='lat' dir='ltr'><strong>Simon</strong></span> <span class='ocrx_word' id='word_1_326' title='bbox 543 2694 744 2739; x_wconf 88' lang='lat' dir='ltr'><strong>Simeon</strong></span> <span class='ocrx_word' id='word_1_327' title='bbox 787 2709 932 2739; x_wconf 88' lang='lat' dir='ltr'><strong>vnam</strong></span> <span class='ocrx_word' id='word_1_328' title='bbox 974 2696 1245 2740; x_wconf 89' lang='lat' dir='ltr'><strong>cantariam</strong></span> <span class='ocrx_word' id='word_1_329' title='bbox 1285 2695 1350 2740; x_wconf 92' lang='lat' dir='ltr'><strong>de</strong></span> <span class='ocrx_word' id='word_1_330' title='bbox 1388 2695 1546 2740; x_wconf 87' lang='lat' dir='ltr'><strong>tribus</strong></span> <span class='ocrx_word' id='word_1_331' title='bbox 1585 2695 1854 2754; x_wconf 90' lang='lat' dir='ltr'><strong>capellanis</strong></span> <span class='ocrx_word' id='word_1_332' title='bbox 1893 2695 1943 2739; x_wconf 92' lang='lat' dir='ltr'><strong>in</strong></span> <span class='ocrx_word' id='word_1_333' title='bbox 1983 2694 2119 2739; x_wconf 90' lang='lat' dir='ltr'><strong>dicta</strong></span> <span class='ocrx_word' id='word_1_334' title='bbox 2157 2692 2369 2738; x_wconf 88' lang='lat' dir='ltr'><strong>ecclesia</strong></span> 
     </span>
     <span class='ocr_line' id='line_1_37' title="bbox 323 2756 2366 2829; baseline 0 -28"><span class='ocrx_word' id='word_1_335' title='bbox 323 2757 587 2815; x_wconf 87' lang='lat' dir='ltr'><strong>collegiata</strong></span> <span class='ocrx_word' id='word_1_336' title='bbox 609 2757 838 2802; x_wconf 76' lang='lat' dir='ltr'><strong>fundauit</strong></span> <span class='ocrx_word' id='word_1_337' title='bbox 863 2758 999 2829; x_wconf 79' lang='lat' dir='ltr'><strong>per¹⁶</strong></span> <span class='ocrx_word' id='word_1_338' title='bbox 1007 2759 1220 2804; x_wconf 83' lang='lat' dir='ltr'><strong>vicarios</strong></span> <span class='ocrx_word' id='word_1_339' title='bbox 1243 2758 1468 2805; x_wconf 91' lang='lat' dir='ltr'><strong>eiusdem</strong></span> <span class='ocrx_word' id='word_1_340' title='bbox 1487 2758 1698 2804; x_wconf 90' lang='lat' dir='ltr'><strong>ecclesie</strong></span> <span class='ocrx_word' id='word_1_341' title='bbox 1715 2757 2060 2804; x_wconf 86' lang='lat' dir='ltr'><strong>celebrandas⁵</strong></span> <span class='ocrx_word' id='word_1_342' title='bbox 2082 2761 2132 2803; x_wconf 94' lang='lat' dir='ltr'><strong>et</strong></span> <span class='ocrx_word' id='word_1_343' title='bbox 2150 2756 2366 2802; x_wconf 91' lang='lat' dir='ltr'><strong>deserui-</strong></span> 
     </span>
     <span class='ocr_line' id='line_1_38' title="bbox 327 2819 2368 2880; baseline -0.001 -15"><span class='ocrx_word' id='word_1_344' title='bbox 327 2821 496 2876; x_wconf 81' lang='lat' dir='ltr'><strong>endaS,</strong></span> <span class='ocrx_word' id='word_1_345' title='bbox 502 2821 532 2847; x_wconf 79' lang='lat'><strong>¹⁷</strong></span> <span class='ocrx_word' id='word_1_346' title='bbox 561 2822 818 2880; x_wconf 85' lang='lat' dir='ltr'><strong>assignans</strong></span> <span class='ocrx_word' id='word_1_347' title='bbox 852 2822 1048 2867; x_wconf 85' lang='lat' dir='ltr'><strong>vicariis</strong></span> <span class='ocrx_word' id='word_1_348' title='bbox 1086 2822 1405 2868; x_wconf 79' lang='lat' dir='ltr'><strong>huiusmodi¹⁸</strong></span> <span class='ocrx_word' id='word_1_349' title='bbox 1426 2822 1693 2868; x_wconf 88' lang='lat' dir='ltr'><strong>tresdecim</strong></span> <span class='ocrx_word' id='word_1_350' title='bbox 1730 2822 1883 2867; x_wconf 80' lang='lat' dir='ltr'><strong>libias</strong></span> <span class='ocrx_word' id='word_1_351' title='bbox 1906 2821 2107 2877; x_wconf 89' lang='lat' dir='ltr'><strong>nomine</strong></span> <span class='ocrx_word' id='word_1_352' title='bbox 2131 2819 2368 2879; x_wconf 90' lang='lat' dir='ltr'><strong>stipendii</strong></span> 
     </span>
     <span class='ocr_line' id='line_1_39' title="bbox 324 2882 2367 2972; baseline 0 -44"><span class='ocrx_word' id='word_1_353' title='bbox 324 2885 397 2929; x_wconf 90' lang='lat' dir='ltr'><strong>sui</strong></span> <span class='ocrx_word' id='word_1_354' title='bbox 393 2899 524 2972; x_wconf 87' lang='lat' dir='ltr'><strong>per</strong></span> <span class='ocrx_word' id='word_1_355' title='bbox 560 2900 734 2930; x_wconf 90' lang='lat' dir='ltr'><strong>manus</strong></span> <span class='ocrx_word' id='word_1_356' title='bbox 771 2886 1012 2972; x_wconf 86' lang='lat' dir='ltr'><strong>prepositi</strong></span> <span class='ocrx_word' id='word_1_357' title='bbox 1049 2885 1145 2931; x_wconf 93' lang='lat' dir='ltr'><strong>loci</strong></span> <span class='ocrx_word' id='word_1_358' title='bbox 1182 2887 1311 2932; x_wconf 92' lang='lat' dir='ltr'><strong>illius</strong></span> <span class='ocrx_word' id='word_1_359' title='bbox 1334 2887 1589 2931; x_wconf 87' lang='lat' dir='ltr'><strong>annuatim</strong></span> <span class='ocrx_word' id='word_1_360' title='bbox 1621 2885 1960 2945; x_wconf 78' lang='lat' dir='ltr'><strong>percipiendas,</strong></span> <span class='ocrx_word' id='word_1_361' title='bbox 1987 2882 2242 2944; x_wconf 79' lang='lat' dir='ltr'><strong>quodque1⁹</strong></span> <span class='ocrx_word' id='word_1_362' title='bbox 2263 2897 2367 2939; x_wconf 86' lang='lat' dir='ltr'><strong>VOS,</strong></span> 
     </span>
    </p>
   </div>
   <div class='ocr_carea' id='block_1_3' title="bbox 331 2966 2074 2974">
    <p class='ocr_par' dir='ltr' id='par_1_6' title="bbox 331 2966 2074 2974">
     <span class='ocr_line' id='line_1_40' title="bbox 331 2966 2074 2974; baseline 0 0"><span class='ocrx_word' id='word_1_363' title='bbox 331 2966 2074 2974; x_wconf 95' lang='lat' dir='ltr'><strong> </strong></span> 
     </span>
    </p>
   </div>
   <div class='ocr_carea' id='block_1_4' title="bbox 325 2970 2375 3870">
    <p class='ocr_par' dir='ltr' id='par_1_7' title="bbox 325 2970 2375 3870">
     <span class='ocr_line' id='line_1_41' title="bbox 427 2970 1260 3037; baseline 0.005 -4"><span class='ocrx_word' id='word_1_364' title='bbox 427 2996 438 3018; x_wconf 89' lang='grc'>1</span> <span class='ocrx_word' id='word_1_365' title='bbox 469 2970 692 3035; x_wconf 81' lang='lat' dir='ltr'><strong>Interlined</strong></span> <span class='ocrx_word' id='word_1_366' title='bbox 702 2997 826 3036; x_wconf 85' lang='lat' dir='ltr'><strong>above</strong></span> <span class='ocrx_word' id='word_1_367' title='bbox 845 2999 900 3035; x_wconf 83' lang='lat' dir='ltr'><strong>ad</strong></span> <span class='ocrx_word' id='word_1_368' title='bbox 913 3011 1026 3035; x_wconf 85' lang='lat' dir='ltr'><strong>vsum</strong></span> <span class='ocrx_word' id='word_1_369' title='bbox 1047 3000 1260 3037; x_wconf 86' lang='lat' dir='ltr'><strong>cancelled.</strong></span> 
     </span>
     <span class='ocr_line' id='line_1_42' title="bbox 425 3047 1877 3121; baseline 0.002 -37.002"><span class='ocrx_word' id='word_1_370' title='bbox 426 3047 442 3069; x_wconf 82' lang='lat'>2</span> <span class='ocrx_word' id='word_1_371' title='bbox 425 3051 753 3121; x_wconf 72' lang='lat' dir='ltr'><strong>3&#39;relmquantur</strong></span> <span class='ocrx_word' id='word_1_372' title='bbox 769 3051 995 3087; x_wconf 87' lang='lat' dir='ltr'><strong>cancelled:</strong></span> <span class='ocrx_word' id='word_1_373' title='bbox 1024 3053 1270 3100; x_wconf 78' lang='lat' dir='ltr'><strong>applicentur</strong></span> <span class='ocrx_word' id='word_1_374' title='bbox 1289 3064 1331 3088; x_wconf 90' lang='lat' dir='ltr'><strong>or</strong></span> <span class='ocrx_word' id='word_1_375' title='bbox 1349 3056 1631 3089; x_wconf 73' lang='lat' dir='ltr'><strong>conuertuntur</strong></span> <span class='ocrx_word' id='word_1_376' title='bbox 1648 3051 1680 3089; x_wconf 92' lang='lat' dir='ltr'><strong>is</strong></span> <span class='ocrx_word' id='word_1_377' title='bbox 1698 3051 1877 3089; x_wconf 78' lang='lat' dir='ltr'><strong>omitted.</strong></span> 
     </span>
     <span class='ocr_line' id='line_1_43' title="bbox 425 3098 947 3150; baseline 0.006 -15.263"><span class='ocrx_word' id='word_1_378' title='bbox 425 3098 520 3136; x_wconf 64' lang='lat' dir='ltr'><strong>3a21&#39;</strong></span> <span class='ocrx_word' id='word_1_379' title='bbox 542 3101 714 3150; x_wconf 70' lang='lat' dir='ltr'><strong>ffctum</strong></span> <span class='ocrx_word' id='word_1_380' title='bbox 733 3102 947 3139; x_wconf 86' lang='lat' dir='ltr'><strong>cancelled.</strong></span> 
     </span>
     <span class='ocr_line' id='line_1_44' title="bbox 427 3150 870 3223; baseline 0.002 -36"><span class='ocrx_word' id='word_1_381' title='bbox 427 3150 442 3223; x_wconf 60' lang='grc' dir='ltr'>Ξ</span> <span class='ocrx_word' id='word_1_382' title='bbox 465 3165 638 3189; x_wconf 86' lang='lat' dir='ltr'><strong>summas</strong></span> <span class='ocrx_word' id='word_1_383' title='bbox 656 3153 870 3190; x_wconf 89' lang='lat' dir='ltr'><strong>cancelled.</strong></span> 
     </span>
     <span class='ocr_line' id='line_1_45' title="bbox 470 3203 547 3240; baseline 0 -1"><span class='ocrx_word' id='word_1_384' title='bbox 470 3203 547 3240; x_wconf 76' lang='lat' dir='ltr'><strong>Sic.</strong></span> 
     </span>
     <span class='ocr_line' id='line_1_46' title="bbox 426 3252 765 3293; baseline 0 -2"><span class='ocrx_word' id='word_1_385' title='bbox 426 3252 442 3275; x_wconf 71' lang='lat'>⁶</span> <span class='ocrx_word' id='word_1_386' title='bbox 467 3267 535 3291; x_wconf 86' lang='lat' dir='ltr'><strong>car</strong></span> <span class='ocrx_word' id='word_1_387' title='bbox 552 3256 765 3293; x_wconf 88' lang='lat' dir='ltr'><strong>cancelled.</strong></span> 
     </span>
     <span class='ocr_line' id='line_1_47' title="bbox 427 3306 1377 3356; baseline 0 -14"><span class='ocrx_word' id='word_1_388' title='bbox 427 3307 442 3332; x_wconf 80' lang='lat'><strong>7</strong></span> <span class='ocrx_word' id='word_1_389' title='bbox 469 3307 537 3342; x_wconf 83' lang='lat' dir='ltr'><strong>sub</strong></span> <span class='ocrx_word' id='word_1_390' title='bbox 552 3306 665 3355; x_wconf 76' lang='lat' dir='ltr'><strong>penis</strong></span> <span class='ocrx_word' id='word_1_391' title='bbox 682 3314 803 3355; x_wconf 80' lang='lat' dir='ltr'><strong>supra</strong></span> <span class='ocrx_word' id='word_1_392' title='bbox 821 3313 857 3343; x_wconf 87' lang='lat' dir='ltr'><strong>et</strong></span> <span class='ocrx_word' id='word_1_393' title='bbox 874 3306 1145 3356; x_wconf 68' lang='lat' dir='ltr'><strong>infrascriptis</strong></span> <span class='ocrx_word' id='word_1_394' title='bbox 1163 3309 1377 3346; x_wconf 86' lang='lat' dir='ltr'><strong>cancelled.</strong></span> 
     </span>
     <span class='ocr_line' id='line_1_48' title="bbox 427 3356 2243 3408; baseline 0.001 -14"><span class='ocrx_word' id='word_1_395' title='bbox 427 3356 442 3379; x_wconf 76' lang='lat'><strong>⁸</strong></span> <span class='ocrx_word' id='word_1_396' title='bbox 469 3358 555 3395; x_wconf 89' lang='lat' dir='ltr'><strong>The</strong></span> <span class='ocrx_word' id='word_1_397' title='bbox 575 3371 735 3407; x_wconf 86' lang='lat' dir='ltr'><strong>passage</strong></span> <span class='ocrx_word' id='word_1_398' title='bbox 754 3359 937 3396; x_wconf 82' lang='lat' dir='ltr'><strong>followed</strong></span> <span class='ocrx_word' id='word_1_399' title='bbox 957 3359 989 3396; x_wconf 93' lang='lat' dir='ltr'><strong>is</strong></span> <span class='ocrx_word' id='word_1_400' title='bbox 1007 3360 1136 3396; x_wconf 84' lang='lat' dir='ltr'><strong>added</strong></span> <span class='ocrx_word' id='word_1_401' title='bbox 1155 3360 1195 3396; x_wconf 92' lang='lat' dir='ltr'><strong>in</strong></span> <span class='ocrx_word' id='word_1_402' title='bbox 1215 3360 1280 3397; x_wconf 87' lang='lat' dir='ltr'><strong>the</strong></span> <span class='ocrx_word' id='word_1_403' title='bbox 1300 3360 1464 3408; x_wconf 84' lang='lat' dir='ltr'><strong>margin,</strong></span> <span class='ocrx_word' id='word_1_404' title='bbox 1484 3359 1577 3396; x_wconf 91' lang='lat' dir='ltr'><strong>with</strong></span> <span class='ocrx_word' id='word_1_405' title='bbox 1596 3365 1638 3396; x_wconf 85' lang='lat' dir='ltr'><strong>vt</strong></span> <span class='ocrx_word' id='word_1_406' title='bbox 1655 3359 1854 3396; x_wconf 87' lang='lat' dir='ltr'><strong>cancelled</strong></span> <span class='ocrx_word' id='word_1_407' title='bbox 1873 3366 1913 3396; x_wconf 90' lang='lat' dir='ltr'><strong>at</strong></span> <span class='ocrx_word' id='word_1_408' title='bbox 1934 3359 1998 3395; x_wconf 91' lang='lat' dir='ltr'><strong>the</strong></span> <span class='ocrx_word' id='word_1_409' title='bbox 2018 3359 2243 3408; x_wconf 86' lang='lat' dir='ltr'><strong>beginning.</strong></span> 
     </span>
     <span class='ocr_line' id='line_1_49' title="bbox 345 3408 2375 3496; baseline 0.001 -51"><span class='ocrx_word' id='word_1_410' title='bbox 345 3460 370 3496; x_wconf 78' lang='lat' dir='ltr'>h</span> <span class='ocrx_word' id='word_1_411' title='bbox 428 3408 444 3430; x_wconf 78' lang='lat'>⁹</span> <span class='ocrx_word' id='word_1_412' title='bbox 469 3410 555 3446; x_wconf 88' lang='lat' dir='ltr'><strong>The</strong></span> <span class='ocrx_word' id='word_1_413' title='bbox 575 3410 681 3446; x_wconf 91' lang='lat' dir='ltr'><strong>word</strong></span> <span class='ocrx_word' id='word_1_414' title='bbox 699 3419 821 3459; x_wconf 84' lang='lat' dir='ltr'><strong>supra</strong></span> <span class='ocrx_word' id='word_1_415' title='bbox 839 3411 870 3447; x_wconf 91' lang='lat' dir='ltr'><strong>is</strong></span> <span class='ocrx_word' id='word_1_416' title='bbox 890 3411 1043 3448; x_wconf 86' lang='lat' dir='ltr'><strong>written</strong></span> <span class='ocrx_word' id='word_1_417' title='bbox 1065 3412 1201 3455; x_wconf 89' lang='lat' dir='ltr'><strong>below,</strong></span> <span class='ocrx_word' id='word_1_418' title='bbox 1221 3411 1408 3460; x_wconf 83' lang='lat' dir='ltr'><strong>referring</strong></span> <span class='ocrx_word' id='word_1_419' title='bbox 1426 3416 1467 3448; x_wconf 89' lang='lat' dir='ltr'><strong>to</strong></span> <span class='ocrx_word' id='word_1_420' title='bbox 1486 3410 1552 3448; x_wconf 88' lang='lat' dir='ltr'><strong>the</strong></span> <span class='ocrx_word' id='word_1_421' title='bbox 1571 3410 1855 3456; x_wconf 82' lang='lat' dir='ltr'><strong>continuation,</strong></span> <span class='ocrx_word' id='word_1_422' title='bbox 1878 3410 2005 3448; x_wconf 89' lang='lat' dir='ltr'><strong>which</strong></span> <span class='ocrx_word' id='word_1_423' title='bbox 2023 3410 2056 3448; x_wconf 90' lang='lat' dir='ltr'><strong>is</strong></span> <span class='ocrx_word' id='word_1_424' title='bbox 2073 3417 2112 3448; x_wconf 90' lang='lat' dir='ltr'><strong>at</strong></span> <span class='ocrx_word' id='word_1_425' title='bbox 2141 3410 2206 3448; x_wconf 90' lang='lat' dir='ltr'><strong>the</strong></span> <span class='ocrx_word' id='word_1_426' title='bbox 2234 3416 2302 3458; x_wconf 87' lang='lat' dir='ltr'><strong>top</strong></span> <span class='ocrx_word' id='word_1_427' title='bbox 2330 3409 2375 3446; x_wconf 88' lang='lat' dir='ltr'><strong>of</strong></span> 
     </span>
     <span class='ocr_line' id='line_1_50' title="bbox 328 3461 576 3497; baseline -0.004 0"><span class='ocrx_word' id='word_1_428' title='bbox 328 3466 341 3497; x_wconf 88' lang='lat' dir='ltr'><strong>t</strong></span> <span class='ocrx_word' id='word_1_429' title='bbox 374 3472 394 3497; x_wconf 89' lang='lat' dir='ltr'><strong>e</strong></span> <span class='ocrx_word' id='word_1_430' title='bbox 414 3473 494 3497; x_wconf 86' lang='lat' dir='ltr'><strong>mar</strong></span> <span class='ocrx_word' id='word_1_431' title='bbox 525 3461 576 3497; x_wconf 94' lang='lat' dir='ltr'><strong>in.</strong></span> 
     </span>
     <span class='ocr_line' id='line_1_51' title="bbox 409 3474 861 3550; baseline 0 -2"><span class='ocrx_word' id='word_1_432' title='bbox 409 3510 439 3533; x_wconf 83' lang='lat'><strong>¹⁰</strong></span> <span class='ocrx_word' id='word_1_433' title='bbox 464 3474 632 3549; x_wconf 78' lang='lat' dir='ltr'><strong>ingdilate</strong></span> <span class='ocrx_word' id='word_1_434' title='bbox 648 3512 861 3550; x_wconf 86' lang='lat' dir='ltr'><strong>cancelled.</strong></span> 
     </span>
     <span class='ocr_line' id='line_1_52' title="bbox 415 3561 796 3601; baseline -0.003 -1"><span class='ocrx_word' id='word_1_435' title='bbox 415 3561 442 3585; x_wconf 89' lang='grc'>11</span> <span class='ocrx_word' id='word_1_436' title='bbox 470 3564 566 3600; x_wconf 85' lang='lat' dir='ltr'><strong>certi</strong></span> <span class='ocrx_word' id='word_1_437' title='bbox 582 3564 796 3601; x_wconf 87' lang='lat' dir='ltr'><strong>cancelled.</strong></span> 
     </span>
     <span class='ocr_line' id='line_1_53' title="bbox 413 3613 739 3652; baseline -0.003 -1"><span class='ocrx_word' id='word_1_438' title='bbox 413 3613 443 3636; x_wconf 76' lang='lat'><strong>¹²</strong></span> <span class='ocrx_word' id='word_1_439' title='bbox 470 3616 506 3651; x_wconf 79' lang='lat' dir='ltr'><strong>ib</strong></span> <span class='ocrx_word' id='word_1_440' title='bbox 525 3614 739 3652; x_wconf 87' lang='lat' dir='ltr'><strong>cancelled.</strong></span> 
     </span>
     <span class='ocr_line' id='line_1_54' title="bbox 413 3663 884 3715; baseline 0.002 -13"><span class='ocrx_word' id='word_1_441' title='bbox 413 3663 443 3688; x_wconf 80' lang='lat'><strong>¹³</strong></span> <span class='ocrx_word' id='word_1_442' title='bbox 464 3665 653 3715; x_wconf 78' lang='lat' dir='ltr'><strong>preposito</strong></span> <span class='ocrx_word' id='word_1_443' title='bbox 671 3667 884 3703; x_wconf 89' lang='lat' dir='ltr'><strong>cancelled.</strong></span> 
     </span>
     <span class='ocr_line' id='line_1_55' title="bbox 410 3716 2363 3768; baseline 0 -14"><span class='ocrx_word' id='word_1_444' title='bbox 410 3716 442 3739; x_wconf 76' lang='lat'><strong>¹⁴</strong></span> <span class='ocrx_word' id='word_1_445' title='bbox 470 3718 516 3754; x_wconf 90' lang='lat' dir='ltr'><strong>In</strong></span> <span class='ocrx_word' id='word_1_446' title='bbox 535 3717 600 3754; x_wconf 90' lang='lat' dir='ltr'><strong>the</strong></span> <span class='ocrx_word' id='word_1_447' title='bbox 620 3718 771 3766; x_wconf 85' lang='lat' dir='ltr'><strong>margin</strong></span> <span class='ocrx_word' id='word_1_448' title='bbox 790 3718 821 3755; x_wconf 90' lang='lat' dir='ltr'><strong>is</strong></span> <span class='ocrx_word' id='word_1_449' title='bbox 849 3718 1002 3755; x_wconf 86' lang='lat' dir='ltr'><strong>written</strong></span> <span class='ocrx_word' id='word_1_450' title='bbox 1032 3718 1203 3767; x_wconf 81' lang='lat' dir='ltr'><strong>Require</strong></span> <span class='ocrx_word' id='word_1_451' title='bbox 1225 3721 1316 3766; x_wconf 77' lang='lat' dir='ltr'><strong>plus</strong></span> <span class='ocrx_word' id='word_1_452' title='bbox 1343 3722 1388 3757; x_wconf 87' lang='lat' dir='ltr'><strong>in</strong></span> <span class='ocrx_word' id='word_1_453' title='bbox 1412 3721 1591 3768; x_wconf 78' lang='lat' dir='ltr'><strong>proximo</strong></span> <span class='ocrx_word' id='word_1_454' title='bbox 1615 3722 1832 3767; x_wconf 76' lang='lat' dir='ltr'><strong>precedente</strong></span> <span class='ocrx_word' id='word_1_455' title='bbox 1846 3718 1951 3767; x_wconf 84' lang='lat' dir='ltr'><strong>folio</strong></span> <span class='ocrx_word' id='word_1_456' title='bbox 1983 3720 2036 3755; x_wconf 86' lang='lat' dir='ltr'><strong>ad</strong></span> <span class='ocrx_word' id='word_1_457' title='bbox 2059 3720 2135 3755; x_wconf 85' lang='lat' dir='ltr'><strong>tale</strong></span> <span class='ocrx_word' id='word_1_458' title='bbox 2163 3717 2363 3766; x_wconf 63' lang='lat' dir='ltr'><strong>signum*</strong></span> 
     </span>
     <span class='ocr_line' id='line_1_56' title="bbox 326 3768 2370 3818; baseline 0.001 -14"><span class='ocrx_word' id='word_1_459' title='bbox 326 3768 412 3805; x_wconf 90' lang='lat' dir='ltr'><strong>The</strong></span> <span class='ocrx_word' id='word_1_460' title='bbox 443 3775 519 3806; x_wconf 86' lang='lat' dir='ltr'><strong>rest</strong></span> <span class='ocrx_word' id='word_1_461' title='bbox 551 3769 595 3805; x_wconf 89' lang='lat' dir='ltr'><strong>of</strong></span> <span class='ocrx_word' id='word_1_462' title='bbox 623 3769 689 3806; x_wconf 90' lang='lat' dir='ltr'><strong>the</strong></span> <span class='ocrx_word' id='word_1_463' title='bbox 722 3769 972 3817; x_wconf 88' lang='lat' dir='ltr'><strong>injunctions,</strong></span> <span class='ocrx_word' id='word_1_464' title='bbox 1006 3783 1048 3807; x_wconf 87' lang='lat' dir='ltr'><strong>as</strong></span> <span class='ocrx_word' id='word_1_465' title='bbox 1081 3770 1156 3807; x_wconf 86' lang='lat' dir='ltr'><strong>this</strong></span> <span class='ocrx_word' id='word_1_466' title='bbox 1187 3770 1391 3818; x_wconf 88' lang='lat' dir='ltr'><strong>indicates,</strong></span> <span class='ocrx_word' id='word_1_467' title='bbox 1425 3785 1489 3810; x_wconf 83' lang='lat' dir='ltr'><strong>are</strong></span> <span class='ocrx_word' id='word_1_468' title='bbox 1521 3785 1573 3809; x_wconf 92' lang='lat' dir='ltr'><strong>on</strong></span> <span class='ocrx_word' id='word_1_469' title='bbox 1605 3772 1655 3811; x_wconf 85' lang='lat' dir='ltr'><strong>so.</strong></span> <span class='ocrx_word' id='word_1_470' title='bbox 1687 3774 1814 3817; x_wconf 85' lang='lat' dir='ltr'><em>102d.‚</em></span> <span class='ocrx_word' id='word_1_471' title='bbox 1846 3771 2015 3809; x_wconf 77' lang='lat' dir='ltr'><strong>beneath</strong></span> <span class='ocrx_word' id='word_1_472' title='bbox 2043 3771 2108 3808; x_wconf 83' lang='lat' dir='ltr'><strong>the</strong></span> <span class='ocrx_word' id='word_1_473' title='bbox 2126 3776 2309 3808; x_wconf 90' lang='lat' dir='ltr'><strong>sentence</strong></span> <span class='ocrx_word' id='word_1_474' title='bbox 2327 3769 2370 3806; x_wconf 81' lang='lat' dir='ltr'><strong>of</strong></span> 
     </span>
     <span class='ocr_line' id='line_1_57' title="bbox 325 3819 1290 3870; baseline 0.003 -15"><span class='ocrx_word' id='word_1_475' title='bbox 325 3819 706 3858; x_wconf 80' lang='lat' dir='ltr'><strong>exeommunication</strong></span> <span class='ocrx_word' id='word_1_476' title='bbox 727 3821 978 3869; x_wconf 89' lang='lat' dir='ltr'><strong>pronounced</strong></span> <span class='ocrx_word' id='word_1_477' title='bbox 996 3834 1048 3858; x_wconf 90' lang='lat' dir='ltr'><strong>on</strong></span> <span class='ocrx_word' id='word_1_478' title='bbox 1071 3822 1169 3868; x_wconf 74' lang='lat' dir='ltr'><strong>John</strong></span> <span class='ocrx_word' id='word_1_479' title='bbox 1192 3824 1290 3870; x_wconf 87' lang='lat' dir='ltr'><strong>Dey.</strong></span> 
     </span>
    </p>
   </div>
  </div>
 </body>
</html>
