2476 4412
248 443 324 499 43
702 421 1189 481 ALNWICK'S
1273 417 1838 478 VISITATIONS

255 580 443 626 dictum
467 581 739 640 prioratum
764 579 1098 638 comperimus
1121 576 1380 623 euidenter
1402 576 1567 635 ipsum
1591 574 1655 620 de
1688 576 1739 620 et
1772 588 1886 619 cum
1919 572 2136 635 quadam
2170 587 2289 633 pen-

253 645 393 689 sione
426 658 588 689 annua
621 646 832 704 quatuor
865 642 1102 686 librarum
1135 642 1336 686 monete
1369 639 1549 698 Anglie
1581 637 1721 684 fratri
1745 636 2002 683 Willelmo
2041 637 2293 697 Horbury,

253 721 412 765 nuper
436 707 588 765 priori
612 706 836 751 eiusdem
863 705 1123 763 prioratus,
1149 704 1404 748 annuatim
1427 702 1492 747 ad
1525 701 1794 747 terminum
1818 700 1920 746 vite
1943 715 2030 746 sue
2054 699 2298 746 soluenda

251 769 373 823 fore,
399 770 646 815 nescimus
679 783 776 829 qua
809 768 1117 823 auctoritate,
1143 766 1233 812 sed
1267 768 1434 825 preter
1466 765 1734 811 scienciam
1758 766 1994 819 nostram,
2020 765 2295 808 oneratum.

251 832 488 878 Volentes
511 833 659 890 igitur
682 831 1033 889 indempnitati
1055 830 1210 889 ipsius
1228 830 1488 888 prioratus,
1506 828 1590 890 qui
1615 827 1707 872 sub
1726 827 1968 885 regimine
1987 826 2108 872 dicti
2131 826 2299 872 fratris

252 895 492 941 Willelmi
515 898 742 954 tempore
765 893 885 955 quo1
908 893 1073 939 eidem
1098 895 1296 952 preerat
1319 906 1420 938 non
1444 891 1605 937 solum
1628 891 1680 936 in
1714 891 1814 935 suis
1849 889 2060 935 edificiis
2093 903 2298 948 grauem

253 960 303 1003 et
335 959 474 1019 quasi
509 957 896 1017 irreparabilem,
921 959 1069 1016 prout
1103 957 1249 1002 oculo
1283 958 1434 1015 patet,
1460 954 1666 1000 incurrit
1700 954 1906 1010 ruinam,
1931 967 2104 999 verum
2138 953 2298 999 eciam

251 1020 475 1080 pondere
512 1021 608 1066 eris
644 1021 791 1066 alieni
827 1020 955 1065 vltra
989 1020 1119 1065 vires
1157 1019 1365 1065 diversis
1390 1018 1722 1065 creditoribus
1746 1016 1995 1076 obligatus
2018 1017 2200 1070 existit,
2225 1017 2298 1062 sic

251 1083 388 1145 quod
422 1083 485 1129 de
509 1084 762 1129 verisimili
786 1083 968 1129 nostris
992 1083 1169 1128 diebus
1204 1097 1305 1128 non
1328 1082 1705 1142 prosperabitur
1727 1079 1868 1126 locus
1890 1080 1987 1137 ille,
2012 1079 2296 1125 consulcius

252 1146 519 1206 prouideri,
567 1148 706 1192 senio
750 1150 918 1192 tamen
962 1147 1117 1206 ipsius
1161 1145 1327 1191 fratris
1371 1145 1613 1191 Willelmi
1662 1146 1871 1203 paterna
1915 1142 2297 1189 mansuetudine

253 1210 630 1268 compaciendo,
667 1210 968 1266 ordinamUS,
1005 1211 1279 1265 statuimus,
1315 1209 1624 1268 assignamus
1659 1211 1708 1254 et
1753 1206 2083 1267 disponimus-³
2126 1209 2297 1252 nostra

253 1274 546 1318 auctoritate
584 1273 836 1318 ordinaria
875 1275 939 1329 vt,
981 1275 1148 1332 preter
1187 1272 1375 1318 cibaria
1410 1287 1507 1333 que
1548 1271 1714 1318 eidem
1758 1270 1898 1316 fratri
1943 1269 2201 1316 Willelmo
2245 1270 2297 1315 in

251 1350 422 1381 mensa
445 1339 608 1381 vestra
630 1336 708 1381 vel
731 1337 849 1382 alibi
874 1339 1020 1395 provt
1043 1336 1266 1382 videritis
1290 1336 1565 1395 expediens
1589 1334 1891 1390 ministretis,
1918 1334 2078 1379 solum
2101 1335 2296 1395 quatra-

251 1399 388 1457 ginta
425 1399 613 1445 solidos
649 1400 850 1446 nomine
886 1400 1141 1459 pensionis
1177 1414 1342 1445 annue
1379 1399 1473 1444 sibi
1514 1398 1579 1445 ad
1617 1398 1885 1444 terminum
1909 1398 2009 1443 vite
2042 1396 2299 1443 annuatim

250 1462 558 1521 persoluatis,
584 1463 811 1509 residuos
834 1463 917 1508 xls.
945 1463 1009 1508 de
1034 1463 1182 1508 dictis
1204 1465 1417 1524 quatuor
1439 1462 1579 1508 libris
1612 1463 1662 1507 in
1698 1461 2077 1521 reparacionem
2111 1459 2297 1506 edifici-

250 1540 392 1571 orum
415 1526 663 1584 prioratus
687 1526 911 1572 eiusdem
935 1525 1150 1572 fideliter
1174 1526 1476 1586 exponendo
1503 1544 1512 1583 ς
1549 1526 1614 1572 de
1637 1540 1737 1587 quo
1768 1524 1998 1571 volumus
2029 1527 2082 1570 vt
2114 1524 2166 1569 in
2198 1523 2300 1570 fine

249 1588 512 1635 cuiuslibet
534 1590 651 1635 anni
675 1589 863 1636 dictam
885 1590 1230 1636 visitacionem
1255 1593 1477 1636 nostram
1501 1589 1852 1651 subsequentis
1876 1588 2022 1635 nobis
2044 1588 2298 1635 racionem

249 1651 486 1698 reddatis.
557 1653 687 1699 Data
709 1655 802 1700 sub
825 1653 988 1713 sigillo
1012 1656 1198 1711 nostro,
1225 1656 1318 1700 etc.

1231 1952 1308 2010 X.

1147 2088 1263 2151 [Fo.
1299 2089 1402 2151 55.]

254 2192 520 2239 V1srrAC10
555 2204 839 2238 PRIORATUS
873 2205 943 2238 DE
965 2192 1284 2238 ASSHEBY
1317 2192 2087 2251 CANONICORUM‚0RD1N1S
2120 2206 2298 2240 SANc‘rx

443 2255 749 2311 AUGUSTINI,
787 2256 1196 2302 LINCOLNIENSIS
1237 2269 1484 2314 DIOCESIS,
1521 2270 1680 2303 FACTA
1714 2270 1769 2303 IN
1805 2270 1955 2304 DOMO
1990 2270 2298 2304 CAPITULARI

441 2331 538 2365 xm
562 2332 654 2364 ΜΕ
679 2331 866 2365 MENS1s
888 2319 1041 2380 JUL11,
1066 2332 1207 2366 ANNo
1233 2321 1439 2366 DoM1N1
1465 2327 1780 2377 MCCCCXLIJ0,
1803 2333 1904 2366 PER
1928 2333 2297 2367 REUERENDUM

394 2391 402 2399 ·
443 2395 498 2428 IN
533 2382 763 2429 CHRISTO
810 2395 1016 2428 PATREM
1074 2395 1139 2428 ET
1194 2396 1464 2439 DOMINUM,
1502 2385 1776 2431 D0M1NuM⁸
1811 2385 1913 2430 DEI
1949 2396 2138 2431 GRACIA
2174 2385 2295 2430 L1N-

441 2458 778 2492 COLNIENSEM
825 2458 1132 2504 EPISCOPUM,
1175 2459 1384 2494 SUARUM
1431 2460 1871 2495 CONSECRACIONIS
1914 2460 2056 2495 ANNo
2100 2461 2187 2494 xw
2234 2461 2299 2494 ET

439 2521 844 2556 TRANSLACIONIS
877 2521 1055 2556 SExTo.

379 2631 436 2676 In
459 2631 645 2691 primis,
671 2631 878 2678 sedente
901 2632 1199 2679 iudicialiter
1222 2647 1315 2693 pro
1338 2633 1572 2680 tribunali
1597 2634 1736 2681 dicto
1767 2634 2046 2681 reuerendo
2070 2636 2212 2694 patre
2245 2635 2297 2680 in

250 2693 533 2740 huiusmodi
567 2709 654 2740 sue
676 2696 981 2742 visitacionis
1015 2698 1228 2757 negocio
1263 2697 1346 2743 die
1374 2700 1424 2743 et
1456 2697 1570 2744 loco
1603 2698 1884 2755 antedictis,
1909 2699 2298 2757 comparuerunt

250 2772 419 2803 coram
455 2772 516 2804 eo
551 2759 688 2817 prior
723 2762 774 2804 et
808 2762 1086 2806 conuentus
1124 2760 1245 2806 dicti
1281 2761 1393 2818 loci,
1432 2762 1606 2820 parati,
1643 2764 1696 2807 vt
1729 2762 1974 2821 apparuit,
2010 2761 2298 2807 huiusmodi

250 2821 593 2867 visitacionem
616 2822 784 2867 subire
808 2839 818 2878 3
854 2825 904 2868 et
938 2823 1123 2869 deinde
1146 2825 1310 2883 primo
1334 2827 1384 2870 et
1406 2828 1521 2870 ante
1545 2826 1713 2871 onmia
1736 2827 2050 2885 propositum
2073 2824 2168 2870 fuit
2190 2840 2296 2871 ver-

249 2884 368 2929 bum
394 2885 488 2930 Dei
511 2885 561 2930 in
584 2885 736 2930 latina
757 2885 927 2944 lingua
949 2887 1085 2932 iuxta
1101 2890 1242 2933 actus
1259 2887 1412 2933 futuri
1436 2890 1822 2947 congruenciam
1840 2904 1931 2949 per
1949 2888 2297 2935 honorabilem

249 2948 407 2993 virum
431 2949 720 3007 magistrum
750 2949 1030 3009 Johannem
1055 2951 1314 3011 Beuerley,
1339 2966 1479 2997 sacre
1503 2953 1685 3011 pagine
1709 2952 2059 3012 professorem,
2086 2967 2295 3014 sequen-

247 3012 350 3056 tem
373 3010 470 3056 hoc
494 3012 675 3069 thema,
703 3016 712 3034 ⁴
735 3013 915 3058 Pacem
940 3013 1123 3060 habete
1148 3017 1197 3060 et
1222 3015 1358 3061 Deus
1389 3016 1528 3074 pacis
1562 3017 1625 3061 sit
1660 3017 1789 3062 inter
1825 3015 1964 3073 vos⁷,4
1999 3018 2092 3062 etc.
2183 3016 2295 3075 Quo

247 3072 401 3130 finito,
427 3075 562 3132 prior
585 3074 988 3122 certificatorium
1011 3078 1234 3124 mandati
1258 3078 1353 3124 sibi
1376 3093 1469 3138 pro
1504 3078 1791 3125 huiusmodi
1823 3080 2117 3126 visitacione
2150 3080 2293 3125 sube-

247 3137 399 3182 unda⁵
422 3137 598 3183 directi
622 3138 758 3184 dicto
781 3140 1060 3186 reuerendo
1083 3142 1212 3201 patri
1237 3141 1463 3188 exhibuit
1496 3143 1547 3188 in
1581 3143 1677 3188 hec
1714 3143 1879 3199 verba,
1921 3143 2250 3189 ‘Reuerendo
2265 3141 2292 3199 '‚

248 3202 340 3245 etc.
391 3200 519 3270 'Quo
553 3202 789 3259 perlecto,
814 3203 950 3262 prior
974 3204 1201 3250 exhibuit
1235 3205 1372 3252 dicto
1396 3206 1676 3253 reuerendo
1700 3208 1829 3266 patri
1853 3205 2294 3252 confirmacionem

249 3262 515 3308 elecclonis
538 3278 625 3309 sue
648 3268 698 3310 et
720 3266 1116 3313 installacionem
1138 3283 1198 3314 ac
1221 3268 1579 3315 fundacionem
1603 3287 1613 3327 3
1651 3273 1699 3315 et
1724 3270 1910 3316 deinde
1933 3271 2112 3316 iurauit
2135 3269 2292 3316 fideli-

246 3327 400 3370 tatem
424 3329 474 3371 et
503 3327 863 3374 obedienciam.
934 3330 1177 3377 Exhibuit
1210 3333 1370 3378 eciam
1403 3335 1586 3378 statum
1620 3333 1813 3390 domus,
1839 3333 2075 3379 videlicet
2107 3333 2158 3378 in
2192 3348 2294 3395 quo

248 3389 438 3434 inuenit
462 3389 666 3435 domum
688 3393 916 3451 tempore
938 3394 1189 3452 ingressus
1213 3397 1287 3441 sui
1322 3399 1372 3442 et
1405 3411 1505 3457 quo
1540 3412 1672 3442 nunc
1708 3400 1796 3452 est,
1823 3397 1888 3442 de
1924 3411 2024 3459 quo
2061 3396 2295 3443 dominus

250 3451 375 3496 dixit
398 3466 452 3497 se
474 3452 600 3498 velle
625 3453 914 3524 deliberare.
1001 3458 1068 3503 Et
1092 3458 1276 3505 deinde
1301 3459 1533 3506 dominus
1556 3462 1801 3520 processit
1824 3460 1890 3506 ad
1912 3461 2294 3522 inquisicionem

249 3529 388 3559 suam
411 3518 803 3575 preparatoriarn
826 3518 919 3564 sub
942 3519 1038 3565 hac
1060 3520 1235 3568 forma.

342 3624 363 3686 ,¹
388 3639 438 3675 qu
458 3638 502 3683 or
519 3639 568 3676 qn
579 3626 625 3685 ‘in
646 3627 834 3676 original,
853 3631 1026 3679 possibly
1045 3632 1105 3669 for
1122 3634 1283 3682 quando.

343 3675 360 3699 ²
388 3676 558 3715 Written
577 3690 616 3714 in
638 3678 705 3717 the
723 3680 892 3728 register
909 3694 952 3718 as
969 3682 1202 3733 disperimus
1220 3698 1265 3723 or
1282 3686 1520 3737 disporimus.

347 3726 364 3751 ³
390 3727 453 3765 Stc
470 3742 484 3764 .·
521 3727 748 3766 Willelmum
767 3731 947 3770 omitted.

347 3777 364 3802 ⁴²
389 3780 427 3816 A
443 3778 523 3817 free
542 3780 695 3818 version
712 3782 793 3819 of2
813 3782 903 3821 Cor.
922 3793 1023 3830 xul,
1048 3795 1106 3824 11.

348 3827 364 3852 ⁶
389 3829 434 3867 de
460 3832 672 3870 cancelled.

2473 3516 2476 3517 ,
2474 3486 2476 3490 .
2468 3462 2476 3473 ’.-
2454 3099 2476 3452 ΗᾹιᾸ-υιωΜΑῌ-ᾸΜ
2462 3069 2467 3075 ³
2462 2999 2463 3002 Α
2456 2872 2467 2899 ’·“
2454 2775 2473 2829 ,ΑΓΛ
2460 2752 2462 2754 “
