2488 4296
253 370 368 422 119
707 350 1196 409 ALNWICK’S
1279 351 1844 409 VISITATIONS

1114 527 1427 586 XXVIII.
1455 573 1457 575 .

1123 644 1239 707 [Fo.
1281 645 1414 707 109.]

251 750 517 795 V1S1TAC10
564 760 848 794 PRIORATUS
893 760 963 793 DE
1008 747 1265 796 GRACIA
1321 749 1459 805 DEI,
1507 762 1720 796 onmms
1765 761 1943 795 SANCTI
1988 749 2292 804 AUGUST1N1‚

443 813 849 858 LINCOLNIENSIS
884 823 1131 865 D100ESIS,
1168 824 1326 857 FACTA
1361 825 1415 858 1N
1453 825 1604 859 DOMO
1640 825 1947 858 CAPITULARI
1984 825 2173 858 1E1DEM
2209 813 2291 873 xxj

442 888 533 921 D1E
588 875 842 936 JANUARIJ,
890 887 1030 921 ANNO
1089 875 1294 921 DOMINI
1350 888 1602 931 MCCCCXL,
1657 888 1756 921 PER
1812 888 2179 922 REUERENDUM
2237 889 2292 922 1N

442 937 691 986 CHRISTol
744 950 950 983 PATREM
1008 950 1072 983 ET
1128 951 1396 995 DOMINUM,
1455 951 1708 985 DOMINUM
1765 939 2131 995 WVILLELMUM,
2191 939 2294 985 DE1

441 1014 630 1049 GRACIA
655 1002 1094 1048 LINCOLNIENSEM
1122 1014 1428 1060 EPISCOPUM,
1454 1015 1594 1050 ANNO
1618 1015 1826 1049 SUARUM
1858 1014 2297 1050 CONSECRAmoms

440 1079 509 1112 xv
544 1078 608 1111 ET
639 1077 1044 1112 TRANsLAcmNis
1078 1078 1290 1121 QU1NTO.

380 1170 435 1214 In
472 1168 645 1228 primis
679 1166 888 1214 sedente
923 1167 1061 1214 dicto
1097 1168 1377 1214 reuerendo
1412 1171 1555 1228 patre
1590 1169 1888 1215 iudicialiter
1923 1169 1973 1214 in
2011 1168 2296 1215 huiusmodi

248 1232 554 1279 visitacionis
610 1246 697 1277 sue
753 1232 965 1290 negocio
1020 1231 1323 1287 inchoando,
1375 1231 1472 1287 die,
1522 1232 1636 1279 loco
1692 1238 1741 1279 et
1794 1247 1926 1278 anno
1982 1232 2294 1292 supradictis,

249 1298 636 1356 comparuerunt
671 1309 840 1341 coram
875 1309 936 1340 eo
972 1295 1209 1354 priorissa
1244 1298 1294 1342 et
1330 1299 1608 1342 conuentus
1645 1296 1767 1342 dicti
1803 1297 1914 1351 loci,
1952 1297 2294 1342 visitacionem

249 1359 534 1405 huiusmodi
558 1361 610 1404 vt
632 1359 862 1418 apparuit
886 1358 1124 1405 subiture²
1145 1376 1154 1415 ;
1192 1361 1241 1404 et
1265 1359 1449 1405 deinde
1472 1360 1634 1419 primo
1658 1363 1708 1406 et
1730 1363 1846 1406 ante
1870 1361 2036 1405 omnia
2070 1359 2294 1419 proposi-

248 1426 353 1469 tum
389 1422 482 1468 fuit
516 1422 724 1468 verbum
763 1422 856 1468 Dei
882 1435 971 1482 per
995 1423 1250 1481 egregium
1274 1424 1432 1468 virum
1457 1424 1746 1482 magistrum
1769 1423 2018 1469 Thomam
2043 1422 2293 1479 Duffelde,

247 1488 297 1533 in
322 1502 462 1533 sacra
484 1486 738 1545 theologia
757 1486 1090 1540 bacallarium,
1111 1489 1404 1547 sequentem
1423 1486 1521 1532 hoc
1538 1485 1720 1543 thema,
1749 1487 2066 1533 ‘Exhibeatis
2084 1501 2296 1546 corpora

249 1554 412 1597 vestra
455 1550 670 1596 hostiam
718 1549 987 1596 Domino.’³
1016 1554 1023 1559 “’
1084 1550 1195 1608 Quo
1239 1550 1290 1595 in
1334 1549 1502 1609 lingua
1544 1550 1734 1609 vulgari
1779 1550 2095 1596 laudabiliter
2138 1549 2293 1606 finito,

249 1615 485 1675 priorissa
507 1614 603 1659 loci
628 1613 757 1659 illius
781 1613 1007 1659 exhibuit
1031 1613 1168 1659 dicto
1192 1614 1471 1659 reuerendo
1494 1615 1624 1673 patri
1647 1613 2051 1660 certificatorium
2074 1613 2296 1660 mandati

250 1678 440 1724 domini
465 1678 559 1723 sibi
584 1692 676 1737 pro
700 1676 983 1722 huiusmodi
1009 1677 1300 1723 visitacione
1324 1677 1502 1723 directi
1527 1681 1577 1724 et
1598 1678 1809 1733 liberati,
1834 1678 1974 1724 cuius
2006 1682 2151 1723 tenor
2182 1678 2296 1723 talis

246 1745 335 1796 est,
384 1739 883 1794 ‘ReuerendissimQ’
930 1744 1022 1787 ete.
1125 1741 1304 1786 Postea
1348 1741 1575 1787 exhibuit
1619 1741 1974 1787 fundacionem
2021 1745 2069 1787 et
2114 1744 2295 1787 statum

248 1807 439 1859 domus
486 1807 536 1851 et
581 1805 767 1850 deinde
811 1805 990 1850 iurauit
1039 1804 1388 1850 obedienciam
1444 1805 1494 1850 in
1550 1805 1712 1851 forma
1767 1808 2037 1860 consueta;
2095 1804 2185 1851 sed
2231 1803 2295 1851 de

247 1868 634 1916 confirmacione
658 1868 926 1914 eleccionis
950 1867 1073 1914 nihil
1097 1868 1336 1914 exhibuit.
1420 1868 1599 1915 Postea
1634 1870 1913 1915 examinata
1947 1869 2069 1914 dicit
2104 1882 2164 1915 ea
2198 1882 2295 1933 que

249 1936 533 1995 sequentur.

377 1996 594 2042 Domina
638 1994 797 2041 Alicia
843 1994 1152 2055 Dunwyche,
1199 1996 1449 2055 priorissa,
1497 1995 1620 2041 dicit
1663 1995 1799 2058 quod
1844 1997 1894 2041 in
1939 1996 2166 2054 ingressu
2205 2010 2294 2042 suo

249 2060 426 2107 domus
450 2058 773 2106 indebitatur⁴
794 2059 845 2104 in
868 2059 1003 2119 xlviij
1031 2059 1094 2116 li.‚
1120 2062 1170 2104 et
1193 2060 1291 2105 iam
1317 2059 1625 2105 indebitatur
1648 2061 1699 2105 in
1722 2060 1906 2119 xxxviij
1933 2060 1983 2105 li.

377 2124 504 2170 Item
549 2123 671 2168 dicit
715 2123 851 2184 quod
906 2121 1227 2168 refectorium
1283 2138 1383 2169 non
1438 2126 1662 2169 seruatur
1717 2138 1810 2169 nec
1865 2123 2155 2169 seruabatur
2205 2137 2295 2182 per

248 2188 577 2248 septennium,
619 2189 669 2232 et
714 2186 851 2248 quod
895 2186 1204 2232 commixtim
1245 2186 1422 2232 sedent
1462 2187 1703 2233 moniales
1746 2202 1859 2232 cum
1904 2186 2207 2233 secularibus
2242 2187 2292 2232 in

246 2267 420 2298 mensa
443 2250 668 2312 quotidie
703 2251 754 2295 in
787 2249 900 2296 aula
936 2265 1036 2306 sua,
1074 2253 1125 2296 et
1162 2250 1300 2312 quod
1336 2250 1525 2296 habent
1559 2251 1837 2297 leccionem
1872 2254 2101 2310 tempore
2137 2249 2292 2296 refec-

246 2330 460 2362 cionum.

376 2379 502 2424 Item
527 2377 650 2423 dicit
672 2377 809 2438 quod
832 2380 1024 2423 tantum
1050 2379 1163 2422 sunt
1187 2377 1285 2423 due
1308 2376 1495 2423 familie
1518 2379 1568 2423 in
1594 2377 1760 2432 domo,
1795 2378 2030 2423 videlicet
2062 2377 2174 2423 aula
2207 2391 2295 2422 sua
2354 2425 2359 2435 ¹

247 2447 296 2490 et
319 2441 602 2497 infirmaria,
626 2442 710 2487 vbi
734 2444 835 2487 tres
858 2445 972 2486 sunt
996 2441 1141 2486 simul
1164 2442 1214 2486 in
1239 2455 1423 2487 mensa.

377 2506 503 2552 Item
537 2505 660 2550 dicit
693 2504 830 2566 quod
865 2504 1136 2566 aliquando
1171 2505 1403 2551 licenciat
1442 2503 1684 2550 moniales
1721 2503 1785 2549 de
1825 2503 2074 2550 visitando
2108 2504 2296 2549 amicos

247 2584 362 2626 suos
385 2569 492 2629 per5
514 2570 561 2629 vj
589 2569 710 2614 dies.

376 2634 502 2679 Item
527 2633 650 2678 dicit
673 2631 810 2694 quod
834 2630 1075 2677 moniales
1100 2629 1337 2676 officiarie
1361 2631 1466 2676 sole
1488 2630 1736 2676 accedunt
1759 2631 1825 2677 ad
1849 2630 2087 2677 officinas,

375 2698 503 2742 Item
527 2696 649 2742 dicit
672 2695 809 2757 quod
831 2709 957 2741 Vnus
980 2694 1228 2740 masculus
1254 2695 1319 2755 vij
1355 2708 1600 2741 annorum
1636 2694 1766 2741 iacet
1803 2709 1916 2740 curn
1953 2694 2209 2740 celleraria
2245 2693 2295 2739 in

245 2761 556 2807 dormitorio,

374 2824 501 2870 Item
526 2824 649 2869 dicit
671 2822 808 2884 quod
831 2825 1059 2881 tempore
1083 2835 1172 2867 suo
1195 2821 1399 2868 vendita
1422 2824 1537 2867 sunt
1558 2822 1653 2867 tria
1676 2822 1920 2877 corrodia,
1941 2836 2092 2868 vnum
2110 2821 2296 2868 vicario

246 2889 310 2934 de
333 2887 655 2948 Whitewyke
679 2901 772 2946 pro
794 2900 860 2932 xx
883 2886 948 2940 li..
973 2888 1024 2931 et
1046 2885 1181 2931 aliud
1204 2885 1405 2932 cuidam
1430 2885 1698 2932 domicello
1722 2900 1814 2945 pro
1837 2885 1854 2931 l
1877 2886 2072 2932 marcis.

259 2972 302 2977 ,ῳ
345 2999 358 3023 ¹
387 3013 423 3037 m
442 2998 657 3037 cancelled.
814 2970 823 2972 .-

343 3052 360 3126 Ξ
379 3049 642 3140 ᾔεαῐιεεὶίεό.

343 3154 359 3179 ⁴
386 3109 872 3192 Szgrztxiglli'nliebz'tabatur.

342 3204 359 3229 ⁶
384 3211 462 3242 tres
487 3204 704 3242 cancelled.

344 3274 357 3299 ¹
386 3274 457 3313 Le.
480 3284 523 3311 21
546 3274 634 3319 Jan.
658 3284 810 3320 1440-1.

341 3325 359 3349 ²
385 3325 472 3363 The
490 3325 725 3364 foundation
745 3325 902 3363 charter
920 3325 953 3363 is
972 3326 1129 3375 printed
1149 3325 1187 3363 in
1207 3325 1441 3364 Monasticon
1461 3333 1507 3362 VI
1528 3323 1595 3375 (1),
1616 3325 1702 3375 568.
1759 3324 1919 3363 Rohese
1937 3325 1987 3363 de
2006 3325 2170 3364 Verdun
2189 3338 2291 3376 gave

239 3378 307 3416 the
325 3390 463 3415 manor
483 3376 558 3414 and
579 3376 788 3414 advowson
810 3377 850 3414 of
869 3376 1012 3415 Belton
1033 3378 1072 3415 in
1091 3377 1357 3415 frankalmoin
1377 3387 1418 3414 to
1437 3375 1527 3415 God
1547 3377 1626 3414 and
1645 3376 1705 3414 St.
1730 3375 1846 3426 Mary
1872 3377 1949 3413 and
1979 3376 2047 3414 the
2077 3377 2223 3415 church
2252 3378 2296 3415 of

239 3429 307 3467 the
326 3428 421 3479 holy
440 3427 599 3477 Trinity
619 3427 690 3465 ‘de
710 3427 747 3464 la
766 3427 988 3466 Gracedieu
1001 3431 1010 3444 ¹
1029 3439 1068 3465 at
1091 3427 1233 3466 Belton
1254 3428 1333 3466 and
1351 3427 1419 3465 the
1438 3438 1616 3465 servants
1634 3427 1677 3465 of
1693 3426 1844 3475 Christ,
1863 3427 1930 3465 the
1949 3441 2052 3466 nuns
2070 3428 2159 3466 who
2177 3441 2291 3467 serve

241 3480 331 3519 God
351 3481 390 3518 in
412 3479 478 3517 the
498 3491 605 3516 same
623 3478 785 3516 church.
840 3478 926 3517 The
946 3480 1037 3517 date
1057 3480 1088 3517 is
1108 3479 1267 3529 usually
1284 3480 1401 3527 given
1421 3492 1464 3516 as
1481 3492 1513 3516 c.
1535 3488 1644 3525 1239.

341 3530 356 3555 ³
385 3530 462 3568 For
493 3530 560 3568 the
592 3529 867 3567 confirmation
901 3531 942 3567 of
972 3531 1083 3568 Alice
1112 3530 1345 3580 Dunwyche
1370 3531 1412 3567 in
1437 3531 1546 3577 1418,
1564 3542 1629 3568 see
1658 3529 1871 3568 Visitations
1891 3537 1918 3574 Ι,
1941 3529 2022 3567 166.
2077 3529 2164 3568 The
2183 3530 2288 3569 well·

239 3582 384 3621 known
405 3581 626 3619 household
643 3581 935 3619 account-book
968 3582 1010 3618 os
1043 3581 1276 3626 Gracedieu‚
1303 3581 1372 3619 the
1401 3590 1584 3620 contenis
1616 3580 1658 3618 of
1686 3580 1812 3618 which
1842 3581 1942 3618 have
1974 3581 2075 3619 been
2107 3582 2291 3632 partially

238 3634 315 3671 and
333 3632 544 3683 popularly
563 3632 827 3670 summarised
848 3633 898 3681 by
916 3632 1092 3670 cardinal
1113 3632 1306 3682 Gasquet‚
1326 3632 1492 3681 English
1509 3632 1693 3671 Monastic
1710 3631 1807 3682 Lzst,
1827 3645 1892 3681 pp.
1912 3632 2062 3679 158-76.
2077 3633 2290 3672 concludes

238 3685 278 3722 in
299 3684 366 3722 the
384 3695 477 3735 year
500 3684 612 3730 1418.
667 3682 754 3721 The
774 3692 932 3731 present
951 3683 1166 3721 document
1185 3683 1331 3722 affords
1351 3697 1372 3720 a
1392 3695 1503 3721 surer
1520 3684 1702 3721 estimate
1721 3683 1763 3720 of
1786 3682 1855 3721 the
1881 3682 2055 3721 internal
2082 3683 2288 3722 condition

237 3735 279 3774 of
295 3735 363 3773 the
381 3746 553 3772 convent
571 3734 667 3771 than
689 3747 760 3771 can
782 3735 828 3772 be
846 3734 994 3783 gained
1013 3736 1114 3772 from
1133 3735 1201 3773 the
1219 3734 1525 3780 account-book,
1546 3734 1673 3772 which
1693 3735 1724 3772 is
1750 3747 1801 3772 an
1830 3733 2071 3772 insufficiem
2099 3735 2205 3773 basis
2233 3735 2293 3773 for

234 3786 301 3826 the
321 3786 541 3824 inferences
560 3785 692 3823 drawn
714 3785 808 3823 with
830 3797 938 3825 some
958 3785 1189 3826 confidence
1207 3786 1259 3839 by
1285 3785 1353 3824 the
1381 3785 1571 3827 cardinal.
1644 3785 1682 3825 It
1714 3786 1759 3831 is,
1791 3784 1986 3836 however,
2020 3786 2115 3839 only
2145 3786 2221 3825 fair
2251 3797 2294 3827 to
