2488 4296
303 423 412 475 162
776 414 1262 473 ALNWICK’S
1345 415 1910 474 VISITATIONS

302 575 562 683 deponetns
586 572 794 682 haberet
816 585 909 631 pro
932 571 1074 618 festis
1096 573 1485 633 principalibus;
1520 575 1571 619 et
1603 573 1741 635 quod
1776 572 1929 619 habet
1964 587 2056 633 pro
2089 572 2346 619 ferialibus

304 653 405 685 non
430 652 482 684 es
526 651 588 683 va
609 649 719 681 oris.

433 720 686 779 (Decanus
725 721 775 765 et
812 718 1142 780 procurator.)
1232 720 1477 766 Dominus
1524 719 1772 766 Robertus
1812 718 2020 780 Careby,
2061 719 2344 776 canonicus,

306 785 428 831 dicit
451 782 588 845 quod
611 783 770 828 nescit
793 781 1004 843 qualiter
1027 785 1125 828 stat
1149 797 1262 828 cum
1286 783 1512 842 collegio,
1537 783 1653 844 quia
1688 797 1790 828 non
1826 784 1966 829 nouit
2001 783 2065 830 de
2099 783 2348 845 aliquibus

306 848 556 907 compotis
579 845 790 892 redditis
813 845 1037 905 pluribus
1059 847 1216 893 annis.

435 927 762 987 (Walterus.)l
816 929 942 974 Item
962 928 1084 975 dicit
1107 929 1243 990 quod
1262 929 1494 975 dominus
1510 929 1763 975 Walterus
1781 931 1895 989 post
1913 943 2070 975 nonas
2087 929 2350 975 cuiuslibet

308 992 408 1039 die²
431 994 631 1039 exercet
652 992 886 1038 tabernas
909 993 960 1037 in
983 994 1176 1038 tantum
1199 992 1336 1054 quod
1372 994 1508 1038 omni
1544 995 1692 1039 nocte
1727 993 1807 1039 vel
1841 994 1977 1039 omni
2012 993 2168 1039 altera
2201 995 2349 1038 nocte

307 1059 383 1103 est
407 1057 587 1113 ebrius,
612 1058 662 1101 et
684 1058 804 1101 tunc
828 1058 903 1102 est
926 1055 1252 1102 intolerabilis
1275 1057 1404 1102 inter
1421 1057 1598 1104 socios,

436 1137 729 1201 (Decanus.)
798 1139 923 1184 Item
948 1139 1070 1185 dicit
1093 1139 1231 1201 quod
1254 1154 1355 1194 non
1379 1139 1567 1186 habent
1589 1140 2032 1186 instauramentum
2055 1139 2277 1186 omnium
2300 1139 2352 1184 in

308 1203 513 1250 defectu
536 1203 728 1259 decani,
754 1202 845 1248 sed
869 1203 1028 1249 eciam
1051 1204 1187 1249 omni
1210 1217 1342 1249 anno
1366 1203 1604 1250 inutiliter
1621 1203 1844 1250 vendunt
1860 1215 2017 1263 agnos
2035 1202 2317 1250 decimales.

439 1286 566 1332 Item
590 1287 716 1345 petit
738 1288 790 1330 vt
812 1284 898 1331 fiat
920 1286 1171 1340 iniunccio
1193 1288 1245 1331 vt
1268 1286 1430 1331 nullus
1448 1286 1755 1346 improperet
1771 1286 1913 1332 alteri
1931 1289 2136 1346 propter
2155 1286 2353 1332 detecta

307 1350 359 1395 in
382 1349 478 1396 hac
500 1350 806 1395 visitacione.
877 1349 1057 1395 Moniti
1080 1352 1194 1395 sunt
1227 1363 1402 1395 omnes
1439 1350 1531 1395 sub
1565 1365 1696 1409 pena
1732 1350 2270 1396 excommunicacionis
2303 1351 2353 1395 et

309 1413 615 1473 expulsionis
637 1428 667 1458 a
689 1412 903 1472 collegio
926 1427 1018 1472 pro
1042 1416 1287 1473 perpetuo
1310 1413 1447 1475 quod
1470 1413 1631 1459 nullus
1654 1415 1961 1474 improperet
1983 1413 2066 1459 alii
2090 1414 2353 1459 occasione

312 1477 626 1523 detectorum
649 1477 700 1521 in
723 1476 818 1522 hac
841 1477 1145 1524 visitacione.

443 1560 689 1606 Dominus
724 1559 976 1620 Johannes
1014 1560 1235 1606 Burtone
1259 1560 1526 1620 deputatus
1548 1562 1624 1606 est
1646 1562 1960 1620 presentator
1983 1559 2270 1606 defectuum
2303 1559 2354 1604 in

312 1623 482 1680 choro,
508 1626 560 1669 vt
582 1626 837 1683 presentet
860 1623 1087 1669 defectus
1110 1624 1332 1684 ipsorum
1355 1626 1406 1669 in
1430 1624 1657 1683 proxima
1676 1623 1775 1670 die³
1790 1624 2000 1670 Veneris
2017 1625 2068 1669 in
2086 1623 2320 1683 capitulo.

443 1707 676 1752 Decanus
710 1707 926 1752 monitus
949 1709 1025 1753 est
1048 1707 1141 1753 sub
1164 1722 1294 1766 pena
1318 1707 1856 1754 excommunicacionis
1891 1707 2027 1769 quod
2063 1721 2152 1767 per
2191 1721 2244 1752 se
2276 1706 2356 1752 vel

314 1770 656 1816 subdecanum
679 1785 821 1815 suum
846 1771 1062 1830 corrigat
1086 1770 1314 1818 defectus
1337 1774 1650 1831 presentatos
1672 1772 1808 1817 iuxta
1831 1773 2024 1817 statuta.

444 1853 511 1899 Et
534 1855 609 1899 est
630 1853 857 1899 visitacio
881 1854 1170 1900 continuata
1191 1868 1347 1916 Vsque
1370 1854 1421 1900 in
1445 1855 1714 1900 crastinum
1738 1853 1803 1900 de
1826 1868 1984 1900 mane.

449 1936 565 1998 [Fo.
590 1935 721 1997 8(1.]4
789 1937 1034 1983 Dominus
1057 1937 1310 1984 Walterus
1336 1937 1648 1995 Luffenham,
1675 1938 1945 1984 canonicus
1967 1937 2180 1996 collegii,
2199 1935 2357 1982 adult-

317 2003 481 2047 eratur
521 2015 634 2046 cum
673 2000 881 2059 Agnete,
922 2016 1075 2047 vxore
1127 2002 1365 2063 Johannis
1422 2002 1601 2048 Stones
1646 2002 1867 2048 senioris.
1955 2001 2043 2047 Vir
2081 2001 2360 2060 comparuit

317 2079 487 2111 coram
511 2064 717 2110 domino
741 2065 792 2109 in
815 2065 1061 2111 vestibulo
1085 2065 1258 2111 vltimo
1282 2065 1365 2111 die
1389 2066 1517 2127 Junii
1539 2079 1549 2119 ;
1576 2068 1626 2111 et
1643 2066 1843 2111 obiecto
1862 2065 1956 2111 sibi
1980 2065 2188 2111 articulo
2211 2066 2361 2123 negat

318 2129 507 2174 crimen
530 2128 594 2173 ab
619 2128 754 2173 omni
776 2130 1018 2200 tempore.
1085 2128 1231 2175 Vnde
1256 2129 1487 2174 dominus
1510 2129 1689 2174 indixit
1722 2129 1818 2174 sibi
1852 2132 1905 2174 vt
1939 2130 2174 2188 purgaret
2208 2142 2261 2173 se
2294 2126 2359 2173 ad

317 2192 484 2238 statim
507 2206 621 2237 cum
645 2194 856 2252 quatuor
880 2193 1028 2238 sociis
1052 2193 1183 2249 suis3
1219 2195 1269 2238 et
1303 2194 1375 2238 sic
1411 2193 1642 2252 purgauit
1678 2207 1731 2238 se
1768 2207 1881 2238 cum
1905 2192 2111 2247 decano,
2139 2191 2358 2251 Smythe,

319 2255 527 2316 Blokley
564 2258 614 2301 et
650 2255 859 2316 Careby,
885 2258 934 2301 et
969 2255 1154 2302 deinde
1190 2257 1436 2302 abiurauit
1472 2257 1764 2315 simpliciter
1803 2255 1990 2301 dictam
2029 2255 2275 2314 Agnetem
2311 2257 2361 2299 et

317 2334 465 2365 omne
482 2319 671 2365 crimen
690 2333 750 2365 ac
768 2333 969 2365 omnem
992 2319 1393 2376 familiaritatem,
1414 2319 1881 2366 confabulacionem
1899 2322 1948 2365 et
1967 2318 2360 2365 collocucionem

320 2398 433 2429 cum
456 2382 669 2429 eadem'
658 2398 709 2428 in
732 2383 856 2428 locis
880 2385 1123 2442 suspectis
1147 2386 1380 2443 suspecto
1404 2383 1571 2430 modo.

449 2464 591 2511 Idem
632 2465 864 2511 dominus
923 2466 1026 2512 W.⁵
1064 2466 1234 2512 iniecit
1278 2482 1453 2512 manus
1495 2466 1739 2512 violentas
1783 2466 1834 2510 in
1878 2479 1996 2511 casu
2038 2479 2068 2510 a
2112 2465 2216 2510 iure
2261 2478 2362 2509 non

321 2530 565 2589 permisso
604 2529 655 2574 in
695 2528 953 2575 dominum
993 2530 1262 2576 Ricardum
1299 2530 1519 2590 Smythe,
1557 2529 1854 2576 canonicum
1890 2528 2092 2584 ibidem,
2115 2527 2363 2574 trahendo

320 2608 434 2639 eum
458 2607 547 2652 per
570 2592 728 2652 pedes
752 2593 986 2639 deorsum
1010 2609 1100 2653 per
1122 2594 1307 2653 gradus
1329 2594 1440 2640 aule
1464 2593 1755 2640 communis.
1810 2593 1898 2637 Vir
1922 2592 2200 2651 comparuit
2217 2591 2364 2637 dictis

321 2657 417 2713 die,
442 2657 569 2712 loco,
594 2659 644 2702 et
667 2656 867 2703 obiecto
906 2658 1000 2702 sibi
1036 2658 1245 2704 articulo
1281 2658 1525 2717 predicto,
1558 2657 1720 2716 primo
1757 2656 1959 2715 negauit
1993 2655 2196 2701 factum.
2265 2653 2365 2700 Sed

321 2719 657 2780 postmodum,
682 2721 799 2781 quia
822 2720 985 2767 dictus
1012 2721 1254 2767 Ricardus
1278 2722 1462 2781 petitus
1485 2735 1574 2781 per
1599 2720 1856 2766 dominum
1881 2719 2039 2765 noluit
2069 2733 2181 2765 eum
2217 2732 2366 2777 super

323 2784 421 2830 hoc
455 2796 680 2843 purgare,
717 2784 807 2830 sed
840 2785 989 2844 plane
1026 2785 1152 2830 dixit
1187 2786 1260 2831 sic
1294 2785 1403 2831 fore
1441 2784 1642 2840 factum,
1681 2786 1731 2830 et
1768 2784 1923 2830 ceteri
1963 2783 2085 2828 socii
2123 2783 2207 2843 qui
2245 2784 2365 2827 tunc

323 2847 522 2893 fuerunt
544 2847 642 2894 hoc
665 2847 801 2894 idem
824 2849 1148 2904 testabantur,
1173 2848 1355 2895 fatetur
1378 2848 1565 2894 factum
1589 2863 1651 2894 ex
1673 2850 1812 2893 motu
1844 2847 1997 2892 animi
2031 2846 2364 2892 commissum.

326 2911 393 2956 Et
415 2910 600 2956 deinde
638 2912 791 2970 peciit
828 2911 1060 2957 dominus
1097 2912 1161 2957 ab
1198 2927 1258 2958 eo
1294 2927 1361 2958 an
1398 2913 1522 2958 citra
1557 2910 1655 2958 hoc
1693 2910 1881 2957 factum
1919 2911 1991 2956 sic
2031 2907 2368 2956 commissum⁶

325 2974 668 3020 celebrauerit.
761 2975 896 3021 Dicit
940 2978 989 3021 et
1033 2975 1215 3022 fatetur
1260 2977 1362 3033 sic;
1408 2975 1590 3035 allegat
1632 2978 1800 3020 tamen
1843 2973 1997 3020 fuisse
2039 2988 2069 3019 a
2113 2972 2368 3019 sentencia

325 3038 862 3085 excommunicacionis
897 3054 1046 3100 quam
1070 3054 1129 3085 ea
1152 3040 1418 3086 occasione
1453 3039 1739 3085 incurrebat
1772 3037 1941 3084 fuisse⁷
1963 3036 2244 3083 absolutum
2277 3050 2368 3095 per

325 3101 551 3147 Vltimum
609 3102 1011 3148 Lincolniensem
1067 3103 1357 3162 episcopum
1403 3103 1501 3148 iarn
1547 3102 1853 3148 defunctum.
1951 3100 2097 3146 Vnde
2136 3099 2369 3145 dominus

327 3165 597 3224 assignauit
620 3165 715 3210 sibi
739 3165 873 3211 diem
898 3166 1074 3212 Martis
1097 3167 1324 3226 proxime
1360 3166 1613 3212 futurum
1602 3181 1652 3211 1n
1675 3165 1888 3211 ecclesia
1924 3164 1988 3210 de
2026 3162 2278 3223 Wendely
2282 3175 2366 3221 ng-

329 3228 491 3287 burgh
514 3228 580 3273 ad
604 3227 905 3275 sufficienter
941 3230 1227 3276 docendum
1251 3230 1315 3276 de
1339 3229 1623 3276 huiusmodi
1659 3228 1982 3275 absolucione
2018 3230 2067 3273 et
2101 3226 2167 3273 ad
2202 3228 2369 3272 cetera

329 3290 560 3337 facienda
583 3294 633 3336 et
655 3292 958 3351 recipienda,
979 3296 1073 3339 etc.
1132 3294 1322 3352 Quibus
1344 3297 1572 3353 tempore
1596 3295 1646 3339 et
1667 3293 1781 3339 loco
1803 3293 1878 3338 vir
1900 3291 2178 3351 comparuit
2201 3304 2369 3335 coram

331 3354 550 3412 domino,
597 3358 647 3401 et
690 3357 807 3417 quia
850 3356 972 3402 nihil
1029 3357 1254 3403 exhibuit
1308 3358 1444 3403 iuxta
1497 3357 1776 3412 terminum,
1823 3355 2094 3414 assignauit
2138 3353 2369 3399 dominus

430 3478 446 3553 Ξ
472 3477 606 3566 §heref
623 3491 857 3567 arelcrosses
875 3480 916 3517 in
935 3481 1003 3518 the
1022 3481 1175 3530 margin
1195 3482 1352 3531 against
1371 3482 1450 3520 this
1470 3481 1546 3518 and
1566 3481 1633 3518 the
1652 3490 1746 3518 next
1764 3479 1960 3518 detectum.

502 3543 537 3567 tc
607 3542 651 3567 or
704 3531 773 3568 ici.

430 3579 446 3603 3
473 3580 629 3618 Sabbata·
647 3581 861 3619 cancelled.

431 3631 447 3654 ⁴
473 3630 571 3668 Two
589 3632 790 3670 cancelled
810 3634 1068 3671 memoranda
1085 3644 1124 3670 at
1144 3634 1212 3672 the
1231 3635 1335 3673 head
1354 3635 1396 3673 of
1411 3635 1463 3673 fo.
1483 3635 1560 3682 8d.,
1581 3634 1754 3686 relating
1771 3643 1812 3671 to
1831 3633 1999 3674 another
2019 3632 2212 3674 business,
2231 3631 2308 3670 will
2324 3632 2371 3671 be

324 3681 453 3719 found
472 3691 512 3719 at
531 3682 600 3720 the
618 3683 697 3720 end
716 3685 754 3720 ot
783 3683 1006 3722 Visitations
1026 3695 1091 3723 111.

431 3733 447 3755 ⁶
475 3733 696 3771 Interlined
714 3735 838 3773 above
866 3734 1079 3775 Willelmus
1096 3736 1313 3780 cancelled

435 3782 453 3860 ξ
476 3783 731 3875 ιῖςιίῗῃεεΙΙεά.
