2488 4296
306 385 423 439 194
759 363 1253 422 ALNWICK'S
1336 362 1902 421 VISITATIONS

434 521 499 566 Et
537 519 723 566 deinde
768 520 1002 566 dominus
1045 521 1355 566 continuauit
1394 521 1740 566 visitacionem
1780 518 2068 564 huiusmodi
2112 532 2268 579 vsque
2302 518 2353 563 in

307 585 441 631 diem
463 587 583 629 tunc
606 584 891 638 crastinum,
917 583 1233 642 presentibus
1268 584 1462 630 decano
1485 584 1598 640 loci,
1624 584 1862 642 magistro
1885 582 1923 643 J.
1953 582 2170 642 Depyng
2192 584 2242 627 et
2275 595 2355 627 me

306 648 545 695 Colstone
569 650 618 692 et
640 647 749 691 aliis
772 647 996 705 pluribus
1020 646 1084 692 de
1108 647 1344 706 capitulo.

435 711 585 755 Dicto
622 711 784 768 primo
809 710 891 755 die
931 710 1227 755 Decembris
1249 711 1299 755 in
1336 710 1472 756 dicta
1495 709 1650 755 domo
1672 709 1932 768 capitulari
1956 722 2125 754 coram
2149 707 2356 754 domino

307 774 586 832 comparuit
623 773 952 832 personaliter
989 772 1213 832 prefatus
1249 775 1486 832 magister
1522 772 1776 835 Johannes
1823 773 1947 832 Dey,
1986 773 2272 828 canonicus,
2307 775 2358 816 et

306 835 537 884 obiectis¹
561 837 656 881 sibi
692 837 900 882 crimine
936 836 1238 882 sodomitico
1273 851 1388 882 curn
1425 837 1521 881 hiis
1543 851 1657 883 cum
1693 836 1874 896 quibus
1910 835 2172 894 detegitur,
2207 837 2358 893 negat

307 915 455 946 omne
491 899 778 945 huiusmodi
815 901 1019 956 crimen,
1044 914 1274 945 asserens
1309 900 1461 961 quod,
1487 900 1528 944 si
1564 900 1645 944 isti
1683 900 1784 944 duo
1809 900 2014 944 iuuenes
2047 898 2220 944 volunt
2254 897 2353 944 hoc

305 962 560 1010 testificari
585 966 759 1008 contra
782 978 910 1019 eum,
935 977 989 1008 se
1013 964 1417 1008 renunciaturum
1435 963 1668 1009 omnibus
1686 961 1942 1008 beneficiis
1965 963 2066 1007 suis
2083 962 2134 1007 in
2153 961 2356 1007 mundo.

305 1028 554 1081 Attamen,
601 1027 716 1087 quia
761 1027 856 1071 ista
900 1027 1165 1087 inquisicio
1210 1027 1554 1086 preparatoria
1597 1028 1674 1072 est
1719 1028 1770 1071 et
1813 1025 2074 1084 generalis,
2123 1025 2358 1070 dominus

305 1091 578 1148 assignauit
618 1090 782 1135 eidem
827 1090 937 1149 Dey
977 1090 1112 1135 diem
1143 1093 1262 1135 tunc
1299 1090 1571 1136 crastinum
1607 1091 1657 1135 in
1693 1089 1873 1135 eadem
1910 1088 2065 1134 domo
2100 1088 2359 1147 capitulari

306 1168 476 1200 coram
500 1153 721 1208 domino
746 1153 811 1198 ad
835 1153 1107 1198 videndum
1133 1154 1516 1214 inquisicionem
1541 1152 1648 1198 fieri
1671 1167 1820 1212 super
1843 1152 2101 1211 premissis
2119 1153 2169 1197 in
2188 1152 2360 1211 specie

307 1221 356 1263 et
374 1217 440 1262 ad
459 1220 625 1262 cetera
643 1216 888 1272 facienda,
909 1219 1004 1262 etc.
1010 1217 1354 1275 ,presentibus
1373 1216 1567 1262 decano
1585 1217 1697 1273 loci,
1721 1215 2014 1277 Halywelle,
2037 1215 2358 1275 Fysshewyk,

310 1281 527 1340 Depyng
550 1283 599 1325 et
623 1294 703 1325 me
728 1279 979 1325 Colstone.

437 1344 682 1390 Dominus
718 1343 971 1404 Johannes
1010 1343 1372 1402 Bramburghe,
1413 1344 1699 1399 canonicus,
1746 1345 1947 1388 notatur
1986 1357 2099 1388 cum
2133 1341 2361 1403 Johanna

309 1407 463 1463 Rede,
489 1421 647 1465 nupe1
671 1407 735 1451 de
762 1406 997 1467 Langley,
1023 1410 1074 1452 et
1096 1421 1210 1452 cum
1234 1407 1461 1468 Johanna
1489 1407 1660 1452 Heuse
1684 1406 1749 1452 de
1776 1406 2074 1467 Leycestria.
2125 1406 2359 1465 Purgauit

306 1486 358 1516 se
382 1474 433 1516 vt
457 1485 619 1529 supra.
687 1468 1070 1529 (Bramburghe.
1077 1471 1092 1528 )

436 1534 680 1578 Dominus
707 1534 956 1579 Robertus
982 1533 1220 1590 Matiene,
1247 1533 1532 1590 canonicus,
1558 1535 1758 1580 notatur
1782 1548 1895 1579 cum
1913 1532 2130 1594 quadarn
2150 1532 2355 1578 muliere

305 1598 560 1643 nominata
587 1597 895 1653 Elizabetha‚
921 1601 1155 1644 manente
1179 1599 1318 1643 extra
1342 1600 1540 1656 portam
1575 1597 1841 1644 australem
1881 1596 2180 1657 Leycestrie,
2205 1610 2355 1657 quam

306 1662 528 1706 seruiens
551 1661 706 1719 ipsius
730 1661 920 1705 domini
949 1660 1156 1706 Roberti
1179 1660 1389 1706 adduxit
1412 1660 1477 1706 ad
1512 1664 1679 1719 partes
1714 1676 1743 1706 a
1778 1660 2003 1720 partibus
2037 1659 2322 1705 borealibus
2344 1676 2354 1715 ;

305 1727 355 1770 et
394 1725 734 1783 impregnatur
775 1723 839 1768 de
879 1723 1086 1770 domino
1129 1724 1381 1779 Roberto„
1408 1727 1458 1769 et
1496 1739 1651 1786 Vsque
1689 1726 1990 1770 tumesceret
2033 1726 2207 1769 venter
2250 1723 2356 1768 eius

305 1788 479 1833 habuit
503 1802 820 1832 communem
845 1802 1101 1833 accessum
1125 1788 1191 1834 ad
1215 1788 1496 1847 hospicium
1533 1803 1676 1833 suum
1712 1787 2003 1834 canonicale
2042 1787 2182 1847 quasi
2217 1786 2354 1831 omni

306 1851 404 1896 die.
474 1851 765 1910 Comparuit
790 1853 839 1895 et
863 1855 1012 1909 negat
1034 1853 1224 1897 crimen
1261 1854 1310 1896 et
1345 1851 1606 1897 articulum
1644 1853 1695 1897 in
1731 1851 1804 1896 sui
1841 1851 1977 1896 omni
2013 1852 2187 1909 parte;
2221 1849 2354 1895 vnde

308 1914 542 1960 dominus
564 1915 746 1959 indixit
769 1914 863 1959 sibi
888 1916 1247 1973 purgacionem
1270 1916 1695 1974 inpresenciarum
1719 1929 1832 1960 cum
1856 1915 1907 1974 iij
1934 1913 2268 1960 confratribus
2291 1912 2356 1959 de

305 1978 549 2023 omnibus.
609 1977 755 2023 Vnde
778 1979 1009 2036 purgauit
1032 1993 1085 2024 36
1109 1994 1223 2024 611111
1249 1978 1451 2033 Bedale,
1472 1979 1664 2024 Welles
1688 1981 1737 2024 et
1759 1977 2050 2037 Gaddesby,
2069 1980 2120 2022 et
2138 1977 2356 2022 monitus

305 2044 381 2087 est
404 2041 496 2086 sub
520 2055 650 2100 pena
673 2042 1214 2087 excommunicacionis
1250 2045 1300 2087 et
1336 2043 1419 2101 vjs.
1445 2043 1578 2102 viijd.
1608 2042 1799 2087 fabrice
1836 2041 2048 2087 ecclesie
2081 2040 2218 2102 quod
2253 2054 2352 2085 non
2420 2078 2422 2080 .
2466 2085 2470 2088 .

306 2105 490 2150 habeat
513 2104 902 2150 familiaritatem
927 2120 1040 2150 cum
1065 2106 1174 2162 hiis,
1199 2108 1295 2151 etc.
1364 2105 1646 2166 (Matiene.)

434 2168 576 2213 Idem
618 2170 815 2213 notatur
837 2179 968 2214 ‘cum
1011 2169 1221 2215 Matilde
1263 2170 1482 2214 Bartone
1523 2169 1587 2215 de
1627 2168 1867 2229 parochia
1905 2168 2062 2213 sancti
2105 2166 2354 2213 Leonardi

309 2230 610 2290 Leycestrie,
651 2246 748 2292 que
788 2231 1020 2277 confessa
1059 2235 1135 2277 est
1174 2233 1363 2278 crimen
1403 2232 1706 2278 huiusmodi.
1811 2231 1954 2276 Idem
1999 2233 2198 2276 notatur
2242 2245 2355 2275 cum

306 2294 533 2354 Johanna
556 2294 784 2355 Jaksone,
810 2310 959 2356 quam
984 2296 1247 2341 carnaliter
1271 2297 1509 2355 cognouit
1531 2296 1660 2341 infra
1683 2296 1964 2354 hospicium
1989 2309 2130 2339 suum
2155 2294 2354 2340 canoni-

306 2357 426 2403 cale.
511 2358 804 2416 Comparuit
844 2362 893 2403 et
934 2363 1083 2418 negat
1123 2361 1338 2418 primum
1377 2360 1654 2417 articulum,
1690 2374 1918 2405 asserens
1951 2373 2005 2404 se
2039 2371 2277 2417 purgasse
2302 2372 2355 2403 se

308 2435 457 2480 super
481 2421 611 2475 hoc;
648 2425 697 2467 et
722 2422 874 2467 habet
909 2424 1180 2468 crastinum
1221 2423 1356 2468 diem
1397 2438 1543 2468 mane
1582 2423 1647 2468 ad
1687 2422 2029 2468 exhibendum
2069 2421 2354 2467 huiusmodi

305 2485 676 2557 purgacionem
746 2485 998 2544 Quantum
1016 2486 1081 2531 ad
1100 2486 1390 2544 secundum,
1412 2489 1561 2545 negat
1580 2487 1768 2559 crimen
1788 2489 1837 2532 et
1855 2487 2120 2531 nocionem
2139 2499 2354 2545 persone

305 2550 354 2592 et
389 2549 616 2594 nominis.
687 2547 888 2620 (Idem.)

435 2612 561 2657 Item
586 2613 814 2657 canonici
840 2615 889 2657 et
912 2613 1083 2659 vicarii
1106 2613 1365 2659 celebrant
1389 2616 1438 2659 et
1463 2613 1753 2659 deseruiunt
1776 2616 1879 2659 tam
1918 2614 1969 2658 in
2004 2613 2178 2659 maiori
2202 2626 2350 2674 quarn

301 2674 410 2719 aliis
454 2676 692 2720 altaribus
736 2678 931 2721 vtentes
975 2678 1025 2721 in
1072 2677 1286 2735 pedibus
1330 2678 1635 2736 lignipodiis,
1692 2677 1928 2722 faciendo
1983 2678 2244 2736 strepitum
2299 2676 2350 2720 in

302 2738 601 2784 incedendo.
673 2739 872 2784 Moniti²
895 2742 1009 2784 sunt
1032 2741 1170 2800 quod
1194 2741 1432 2786 decetero
1456 2755 1555 2786 non
1580 2743 1797 2786 vtuntur.
1802 2741 1818 2764 ⁸
1884 2741 2104 2798 (Omnes
2111 2742 2129 2800 )

435 2802 614 2847 Moniti
639 2805 752 2847 sunt
776 2817 964 2849 omnes,
1033 2803 1330 2864 (Iniunccio
1337 2805 1353 2863 )

437 2967 553 3028 [Fo.
587 2967 757 3028 101d.]
829 2968 1146 3029 (Iniunccio.)
1217 2972 1293 3016 De
1317 2971 1565 3029 choristis,
1590 2975 1642 3017 vt
1667 2971 1861 3016 subsint
1884 2972 2036 3029 virge,
2056 2970 2348 3026 erudicioni,

303 3031 587 3089 discipline,
611 3034 662 3076 vt
687 3031 952 3090 proficiant
976 3034 1025 3078 in
1050 3035 1268 3080 sciencia
1292 3037 1341 3080 et
1365 3036 1602 3080 moribus.

432 3095 623 3153 Quibus
646 3097 862 3141 termino
897 3100 946 3142 et
982 3097 1108 3152 loco,
1150 3098 1386 3152 videlicet
1425 3098 1649 3144 secundo
1689 3098 1772 3144 die
1812 3098 1998 3143 mensis
2040 3096 2348 3153 Decembris,

301 3172 435 3203 anno
458 3157 702 3216 predictO,
728 3159 778 3203 in
804 3159 940 3205 dicta
963 3160 1117 3206 domo
1141 3162 1402 3220 capitulari
1441 3177 1611 3208 coram
1652 3161 1850 3221 prefato
1890 3160 2172 3207 reuerendo
2210 3163 2350 3220 patre

303 3221 602 3266 iudicialiter
626 3222 834 3268 sedente
853 3225 1134 3282 comparuit
1152 3225 1482 3283 personaliter
1501 3226 1663 3271 dictus
1681 3226 1917 3284 magister
1934 3224 2188 3285 Johannes
2207 3224 2317 3283 Dey
2338 3239 2347 3279 ;

407 3331 418 3354 ¹
448 3333 497 3368 S'
519 3360 527 3368 .

405 3382 421 3404 ²
447 3345 609 3420 AtlIered
630 3383 728 3421 from
748 3386 932 3422 monitus.

405 3432 419 3455 3
447 3435 536 3472 Sic:
566 3434 625 3471 for
643 3440 824 3474 vtantur.

406 3503 418 3526 ¹
451 3505 537 3553 Dey
568 3505 748 3554 resigned
781 3506 964 3555 Wigston
995 3509 1077 3553 (see
1107 3518 1199 3546 note
1221 3518 1239 3544 2
1262 3522 1313 3546 on
1334 3523 1371 3559 p.
1398 3510 1467 3545 188
1487 3510 1627 3558 above)
1649 3510 1798 3558 shortly
1817 3508 1915 3547 after
1934 3510 2011 3547 this
2031 3511 2149 3547 date:
2179 3509 2230 3546 he
2257 3509 2350 3546 does

304 3562 373 3593 not
402 3569 506 3643 sefim
538 3563 578 3593 to
609 3557 707 3594 have
738 3558 836 3595 been
868 3560 1048 3607 formally
1077 3560 1267 3608 deprived
1286 3561 1331 3597 of
1354 3562 1421 3598 the
1439 3561 1599 3599 church.
1659 3562 1733 3598 llis
1752 3573 1949 3599 successor
1970 3573 2049 3598 was
2066 3561 2152 3598 inst
2188 3568 2209 3608 5
2240 3561 2347 3608 May,

308 3607 920 3698 14412(Ινῗὲῑΐέῃνιέξηιίξείίι5ΐνζ3)
955 3662 1148 3711 probably
1182 3675 1206 3699 a
1240 3663 1495 3700 northerner:
1533 3663 1595 3700 his
1638 3676 1753 3700 name
1797 3664 1829 3700 is
1873 3663 1956 3700 that
1991 3662 2038 3699 of
2075 3675 2098 3699 a
2133 3662 2275 3710 village
2310 3661 2349 3698 in

305 3709 682 3754 Northumberland,
706 3711 754 3760 71}
774 3711 886 3748 miles
905 3713 1035 3749 north
1040 3719 1122 3750 east
1139 3713 1186 3751 of
1209 3714 1407 3751 Hexham.

406 3759 421 3782 3
448 3761 534 3797 The
563 3767 670 3804 note,
690 3762 838 3805 added,
859 3763 938 3799 like
966 3764 1019 3800 all
1049 3765 1158 3801 these
1186 3766 1468 3814 supplements,
1501 3765 1615 3802 when
1645 3765 1711 3802 the
1741 3777 1831 3802 man
1861 3777 1939 3802 was
1970 3764 2140 3814 charged
2168 3763 2261 3801 with
2288 3762 2348 3805 his

306 3811 488 3858 offences,
511 3812 627 3852 refers
645 3818 686 3849 to
708 3813 772 3850 the
791 3819 870 3850 two
889 3815 1050 3866 charges
1071 3815 1198 3852 which
1217 3816 1349 3855 follow
1368 3829 1410 3856 as
1429 3817 1518 3857 well
1536 3829 1578 3855 as
1597 3823 1637 3853 to
1656 3817 1722 3857 the
1741 3815 1823 3858 first
1849 3828 1937 3857 one
