2476 4412
228 393 310 449 18
678 384 1162 445 ALNWICK’S
1244 377 1808 439 VISITATIONS

231 552 281 595 et
316 561 520 594 necesse
559 547 622 591 sit
657 544 850 591 soluere
884 541 1141 588 annuatim
1175 539 1242 585 ad
1278 550 1528 584 cameram
1563 533 1739 581 abbasl
1778 533 1892 592 xxvj
1931 534 2099 591 petras
2137 547 2266 588 cere,

232 625 485 670 occupans
507 608 724 655 officium
747 606 869 652 illud
892 619 992 651 non
1027 605 1193 664 potest
1227 601 1414 647 dictam
1449 613 1616 645 ceram
1650 599 1721 643 sic
1755 596 1950 642 soluere
1985 598 2035 642 et
2068 595 2270 642 residua

233 689 386 720 onera
408 674 502 718 sibi
526 670 874 717 incumbencia
897 670 1203 727 supportare.
1291 665 1421 710 Petit
1443 663 1593 721 igitur
1615 663 1668 707 vt
1690 661 1741 706 in
1764 660 1931 719 aliquo
1955 661 2271 706 succurratur

232 737 450 784 officium
473 735 594 781 illud
618 733 882 793 occupanti
909 749 918 778 z
953 730 1170 789 alioquin
1195 727 1448 788 oportebit
1471 725 1609 771 illum
1631 723 1754 770 illud
1779 722 2025 769 deserere.

362 838 533 883 Frater
570 834 854 881 Willelmus
894 830 1161 892 Croyland,
1204 831 1372 876 custos
1411 826 1694 882 infirmarie,
1738 824 1877 871 dicit²
1915 825 2272 870 monasterium

231 903 397 961 potest
420 898 704 959 expendere
729 897 792 942 dc
816 910 1008 942 marcas
1032 897 1080 940 et
1104 893 1409 939 indebitatur
1432 892 1484 936 in
1507 904 1626 936 cccc
1650 889 1845 935 marcis.

360 964 486 1009 Item
511 961 632 1007 dicit
656 960 720 1006 de
743 958 1001 1005 monachis
1025 972 1125 1003 non
1149 955 1477 1002 reddentibus
1499 956 1551 999 vt
1575 967 1736 1012 supra.

360 1027 564 1084 (Contra
587 1038 759 1069 omnes
783 1037 875 1082 pro
899 1022 1140 1080 regimine
1163 1017 1490 1078 monasterij.)
1553 1017 1681 1062 Item
1702 1015 1853 1061 vellet
1876 1015 2013 1076 quod
2037 1013 2271 1060 dominus

232 1092 442 1150 poneret
465 1088 680 1149 aliquem
704 1086 909 1132 modum
932 1083 1139 1144 regendi
1173 1082 1489 1138 monasterio,
1515 1094 1615 1142 quo
1638 1080 1794 1126 cicius
1816 1080 1987 1138 posset
2011 1078 2271 1124 exonerari

233 1168 315 1200 ere
338 1153 513 1199 alieno.

360 1247 532 1292 Frater
574 1243 822 1290 Henricus
863 1242 1117 1298 Lincolne,
1156 1243 1323 1287 custos
1363 1239 1618 1298 hospitum
1657 1240 1708 1284 et
1746 1236 2111 1292 refectorarius,
2149 1235 2273 1282 dicit
2305 1275 2307 1277 .

231 1309 365 1370 quod
402 1309 579 1354 domus
614 1306 920 1352 indebitatur
956 1306 1006 1350 in
1043 1305 1278 1364 grauibus
1317 1303 1536 1359 summiS,
1579 1304 1628 1348 et
1670 1302 1766 1348 hoc
1807 1315 1897 1361 per
1936 1299 2271 1360 improuidam

231 1373 651 1433 gubernacionem
674 1368 968 1415 officiorum³
990 1370 1074 1430 qui
1097 1371 1245 1414 antea
1266 1366 1478 1412 fuerant.

358 1436 474 1494 (Pro
513 1434 753 1493 regimine
789 1432 1111 1492 monasterij.)
1197 1432 1323 1476 Item
1361 1429 1483 1475 dicit
1519 1428 1655 1490 quod
1692 1443 1793 1485 non
1828 1427 1966 1473 videt
2004 1427 2136 1472 viam
2175 1441 2274 1488 qua

231 1500 577 1559 reparaciones
620 1496 810 1552 fierent,
852 1511 949 1557 que
988 1509 1200 1555 magnas
1244 1507 1462 1539 summas
1506 1493 1777 1553 requirunt,
1819 1494 1868 1537 et
1912 1491 2271 1536 monasterium

232 1564 528 1609 exoneretur
551 1574 634 1607 ere
657 1560 833 1615 alienO,
859 1560 953 1604 nisi
975 1574 1100 1604 vnus
1123 1558 1334 1605 idoneus
1366 1556 1593 1602 secularis
1614 1556 1895 1614 assignetur
1911 1557 1999 1614 per
2021 1554 2271 1599 dominum

231 1627 316 1688 qui
353 1626 536 1671 habeat
571 1623 724 1670 totale
760 1623 983 1682 regimen
1020 1621 1323 1681 monasterij,
1349 1620 1465 1681 quia
1488 1619 1711 1679 officiarij
1739 1617 1969 1664 moderni
1993 1617 2271 1662 imbursant

234 1690 328 1735 sibi
352 1688 686 1734 substanciam
710 1687 956 1732 bonorum
979 1685 1282 1745 monasterij,
1306 1686 1359 1729 vt
1383 1683 1603 1729 Bartone
1627 1686 1677 1729 et
1700 1681 1888 1739 ceteri⁴;
1915 1683 1964 1727 et
1988 1680 2110 1726 dicit
2134 1679 2271 1742 quod

234 1766 451 1812 expense
474 1752 525 1796 in
547 1750 734 1796 familia
758 1764 1010 1810 nunquam
1034 1751 1173 1794 erant
1195 1751 1298 1795 tam
1321 1761 1471 1806 parce
1495 1747 1622 1792 sicut
1644 1761 1777 1792 nunc
1801 1748 1850 1792 et
1873 1758 2072 1804 semper
2095 1744 2276 1790 crescit

235 1831 288 1863 es
311 1816 538 1871 alienum,
565 1815 613 1859 et
635 1813 731 1872 ipsi
754 1811 976 1872 officiarij
1003 1814 1271 1858 conuiuant
1293 1811 1417 1856 alios
1441 1810 1649 1855 multum
1672 1809 1819 1866 laute,
1844 1811 1938 1855 etc.

363 1878 570 1938 (Contra
594 1877 846 1935 Bartone.)
916 1876 1042 1922 Item
1079 1876 1202 1922 dicit
1224 1874 1361 1937 quod
1384 1873 1537 1919 frater
1559 1873 1782 1919 Thomas
1820 1873 2040 1918 Bartone
2064 1870 2273 1917 subcell-

236 1943 435 1998 erarius,
461 1955 575 1987 cum
598 1954 698 1985 non
722 1940 785 1984 sit
819 1938 1041 1984 infirmus
1065 1939 1155 1984 sed
1178 1939 1298 1984 satis
1322 1952 1469 1983 sanus
1493 1939 1542 1982 et
1564 1937 1721 1993 fortis,
1748 1950 1849 1982 non
1873 1936 2003 1981 iacet
2026 1934 2091 1981 de
2125 1936 2274 1980 nocte

235 2007 286 2051 in
311 2004 603 2051 dormitorio
627 2002 716 2048 sed
739 2004 790 2048 in
814 2017 1011 2048 camera
1033 2002 1248 2062 quadam
1271 2002 1323 2046 in
1340 1999 1609 2046 infirmaria
1631 2000 1711 2045 vel
1734 2001 1784 2045 in
1809 2007 2006 2045 ca'mera
2029 2012 2117 2044 sua
2139 1999 2276 2043 iuxta

237 2069 513 2128 coquinam,
540 2069 589 2112 et
611 2066 750 2126 quasi
787 2067 923 2111 omni
947 2066 1030 2111 die
1053 2066 1287 2112 conuiuat
1310 2063 1559 2124 quendam
1595 2063 1846 2124 Graystok
1881 2063 1931 2108 in
1957 2075 2155 2107 camera
2187 2076 2277 2106 sua

236 2133 287 2178 in
310 2130 558 2187 firmaria,⁵
581 2132 630 2175 et
653 2129 750 2175 hoc
775 2129 839 2175 de
861 2129 1163 2175 laucioribus
1185 2129 1312 2174 cibis
1334 2129 1385 2173 in
1410 2127 1624 2187 coquina
1648 2145 1657 2183 ;
1694 2129 1744 2172 et
1779 2127 1820 2171 si
1851 2127 1960 2185 quis
1982 2125 2136 2171 frater
2159 2139 2275 2170 suus

237 2195 302 2241 de
338 2195 435 2240 hoc
472 2195 802 2253 conqueratur
837 2207 949 2238 cum
985 2193 1080 2251 ipsi
1117 2206 1218 2238 non
1254 2193 1322 2237 ita
1345 2192 1475 2237 bene
1510 2188 1858 2252 p[ascuntur],
1883 2187 2275 2250 improperando

239 2258 360 2304 dicit
383 2257 517 2317 quod
539 2258 608 2302 ita
630 2255 716 2302 fiet
738 2256 859 2315 ipsis
882 2256 1062 2302 inuit-is.

365 2320 572 2382 (Contra
597 2319 848 2377 Bartone.)
918 2319 1046 2365 Item
1082 2318 1205 2365 dicit
1240 2317 1305 2364 de
1341 2318 1490 2364 certis
1513 2317 1698 2363 debitis
1722 2316 1974 2363 consuetis
1998 2315 2123 2361 solui
2158 2329 2273 2361 con-

237 2385 406 2431 uentui
443 2383 506 2429 de
543 2382 718 2429 officiis
754 2383 1062 2443 pietanciarij
1089 2384 1138 2429 et
1162 2381 1510 2442 elemosinarij,
1535 2395 1630 2441 que
1667 2381 1887 2427 Bartone
1909 2393 2069 2439 nuper
2091 2393 2274 2438 occup-

237 2449 351 2503 auit,
378 2450 427 2493 et
449 2460 549 2492 non
573 2445 758 2502 solutis,
783 2448 836 2491 vt
858 2460 1018 2505 supra.

364 2510 568 2569 (Contra
603 2507 874 2570 abbatem.)
943 2509 1070 2555 Item
1101 2523 1215 2554 cum
1238 2509 1374 2553 omni
1398 2522 1530 2554 anno
1553 2509 1669 2554 ante
1690 2510 1888 2567 tempus
1912 2521 2045 2553 nunc
2078 2505 2276 2551 abbatis

235 2574 454 2634 prouisio
491 2573 717 2618 vinorum
754 2572 1018 2618 constabat
1053 2571 1119 2618 ad
1155 2572 1317 2616 minus
1351 2571 1486 2629 xxli.,
1525 2574 1574 2617 et
1609 2572 1708 2616 iam
1739 2572 1835 2617 isto
1874 2573 2103 2629 tempore
2143 2569 2278 2615 nulla

235 2638 350 2683 vina
373 2637 676 2692 emebantur,
703 2636 775 2682 sic
797 2635 933 2695 quod
957 2635 1117 2682 credit
1152 2635 1509 2681 monasterium
1531 2635 1740 2680 multum
1763 2649 1854 2694 per
1877 2634 1976 2680 hoc
2000 2632 2211 2679 releuari
2235 2633 2276 2678 si

238 2701 564 2746 continuetur.

364 2802 536 2847 Frater
559 2801 810 2863 Johannes
836 2800 965 2846 Hale
990 2800 1112 2847 dicit
1135 2799 1271 2861 quod
1295 2815 1348 2846 es
1366 2800 1582 2846 alienum
1600 2814 1699 2860 quo
1717 2800 2075 2846 monasterium
2093 2811 2275 2858 aggua-

236 2865 331 2911 tur⁶
352 2866 582 2925 prouenit
606 2879 667 2910 ex
691 2864 819 2910 mala
841 2864 1213 2923 gubernacione
1236 2863 1590 2910 officiariorum
1613 2865 1696 2924 qui
1719 2866 1836 2911 ante
1859 2864 1955 2909 hec
1978 2863 2194 2909 fuerunt.

363 2927 569 2987 (Contra
591 2928 838 2983 abbatem,
865 2927 1121 2989 Bartone.)
1190 2928 1318 2973 Item
1353 2927 1476 2973 dicit
1503 2928 1639 2987 quod
1661 2928 1818 2973 abbas
1842 2942 1943 2974 non
1968 2929 2043 2972 est
2066 2926 2276 2972 multum

237 2993 637 3051 circumspectus,
676 2990 765 3037 sed
802 2991 1022 3037 totaliter
1062 2992 1249 3050 regitur
1288 2990 1424 3036 idem
1463 2991 1619 3036 abbas
1658 3005 1748 3051 per
1786 2990 1992 3036 fratrem
2025 2989 2276 3035 Thomam

239 3056 469 3111 Bartone,
495 3055 576 3114 qui
601 3054 768 3100 omnia
792 3053 1002 3100 destruit
1024 3072 1032 3111 ;
1060 3057 1110 3100 et
1128 3054 1250 3100 dicit
1269 3053 1403 3113 quod
1421 3054 1529 3114 ipse
1554 3054 1773 3100 Bartone
1791 3057 1867 3100 est
1884 3068 2034 3100 causa
2052 3053 2275 3099 omnium

238 3118 602 3164 dissensionum
624 3119 676 3163 in
699 3120 949 3163 conuentu
974 3119 1023 3163 et
1047 3119 1140 3164 erit
1164 3118 1447 3164 destruccio
1471 3118 1773 3178 monasterij.
2186 3168 2188 3170 v

364 3180 572 3242 (Contra
597 3179 852 3241 Bartone.)
922 3181 1048 3227 Item
1087 3181 1210 3227 dicit
1247 3180 1382 3241 quod
1405 3180 1542 3227 idem
1580 3181 1800 3227 Bartone
1824 3179 2105 3227 diffamauit
2128 3178 2277 3225 istum

241 3244 370 3290 Hale
406 3259 518 3290 cum
553 3258 706 3290 vxore
741 3243 915 3289 lotoris
947 3245 1249 3304 monasterij,
1276 3243 1538 3290 offerendo
1570 3244 1768 3291 cuidam
1791 3245 1899 3290 viro
1922 3258 2071 3290 Vnam
2093 3257 2277 3289 nouam

335 3355 348 3378 ¹
377 3355 441 3393 Sic
461 3369 474 3392 .·
502 3355 561 3392 for
579 3356 730 3392 abbatis.

335 3405 352 3429 2
377 3407 440 3444 Sic
455 3420 469 3443 .·
495 3406 593 3455 quod
609 3406 791 3443 omitted.

335 3457 350 3481 3
377 3457 467 3495 Sic:
497 3457 556 3495 for
581 3458 861 3506 officiariorum.

336 3508 352 3531 4
383 3509 523 3547 Contra
542 3508 712 3546 Bartone
739 3509 777 3546 in
805 3510 873 3548 the
900 3509 1069 3559 margin.

336 3559 352 3583 ⁵
378 3561 440 3597 Sic
456 3573 469 3596 .·
485 3561 673 3607 firmaria
692 3560 870 3611 possibly
887 3561 920 3599 is
939 3574 962 3598 a
981 3561 1099 3598 Latin
1119 3560 1348 3610 equivalent
1367 3560 1428 3599 for
1446 3560 1512 3598 the
1532 3560 1699 3609 English
1721 3560 1995 3599 abbreviation
2014 3566 2023 3582 ⁸
2038 3561 2236 3610 sarmery.'

336 3609 352 3634 ⁶
379 3612 441 3648 Sic
458 3625 471 3647 .·
499 3610 559 3647 for
585 3617 830 3658 aggrauatur.

336 3700 348 3724 ¹
379 3700 454 3738 For
470 3713 620 3745 camera
638 3700 678 3738 in
697 3702 764 3740 the
783 3714 895 3741 sense
913 3702 954 3740 of
970 3715 992 3739 a
1011 3703 1190 3753 tr‘easury
1208 3703 1287 3741 and
1306 3702 1374 3741 the
1393 3715 1537 3754 money
1555 3702 1770 3742 contained
1798 3703 1837 3741 in
1857 3702 1888 3740 it
1907 3716 1972 3742 see
2000 3702 2220 3741 Visitations
2239 3709 2268 3749 Ι,

238 3761 308 3788 222

338 3801 355 3825 2
380 3802 456 3842 Sic.
512 3801 601 3841 The
618 3802 857 3855 depositi0n‚
876 3803 1069 3853 however,
1090 3804 1124 3843 is
1142 3804 1183 3844 in
1202 3804 1341 3844 favour
1359 3805 1402 3843 of
1424 3805 1492 3846 the
1511 3805 1633 3843 abbot
1652 3804 1784 3845 rather
1801 3806 1897 3843 than
1917 3805 2071 3857 against
2090 3804 2185 3844 him.
