2488 4296
270 368 383 442 163
717 362 1203 427 ALNWICK‘S
1285 367 1858 427 VISITATIONS

272 524 562 585 assignauit1
586 525 679 570 sibi
704 525 838 570 diem
857 525 1080 571 Sabbati2
1102 527 1382 585 proximum
1400 529 1501 585 post
1512 526 1689 584 festum
1712 528 1868 571 sancte
1885 526 1938 570 M
1941 528 2158 584 argarete
2181 525 2313 584 apud

274 588 543 636 Rothwelle³
565 588 630 634 ad
653 588 1038 647 proponendum
1061 589 1111 634 in
1134 589 1297 636 forma
1319 590 1437 634 iuris
1460 605 1612 651 quare
1637 604 1737 635 non
1762 589 1944 635 debeat
1963 588 2203 634 declarari
2222 602 2314 647 pro

275 652 531 712 irregulari
555 654 605 698 et
627 651 909 710 irregularis
932 654 1034 697 tam
1067 667 1159 712 pro
1195 653 1291 699 isto
1327 668 1476 714 quam
1512 653 1563 698 in
1599 653 1807 699 articulo
1842 653 1894 698 in
1927 651 2049 698 folio
2085 651 2314 711 proximo

275 715 580 776 precedenti,
606 717 656 761 et
679 715 743 760 ad
767 717 933 761 cetera
955 715 1199 769 facienda,
1225 719 1335 772 etc.‚
1361 717 1676 776 presentibus
1715 717 1943 777 Depyng,
1984 716 2119 761 Leke
2152 717 2202 761 et
2235 729 2316 761 me

277 778 547 826 Colstone.⁴
627 779 684 823 In
723 793 823 839 quo
858 780 1087 836 termino,
1124 779 1359 826 videlicet
1394 781 1500 840 xxj⁰
1537 780 1619 826 die
1654 780 1780 842 Julii,
1818 794 1951 826 anno
1986 778 2229 838 predicto,
2264 778 2316 824 in

275 843 488 889 ecclesia
532 841 596 888 de
643 842 923 889 Rothwelle
968 857 1137 895 coram
1189 843 1404 903 Depyng
1457 844 1738 902 comparuit
1780 843 2109 903 personaliter
2153 841 2316 887 dictus

277 906 507 952 dominus
547 905 800 951 Walterus
822 923 831 963 ;
869 909 919 951 et
956 906 1159 961 ibidem,
1202 906 1339 953 dicto
1383 922 1473 967 per
1517 922 1631 952 eum
1670 907 1930 966 proposito
1968 906 2047 952 vel
2085 905 2313 964 allegato,

275 969 411 1016 idem
434 969 672 1026 decreuit,
696 969 1045 1029 pronunciauit
1068 973 1118 1016 et
1142 970 1414 1016 declarauit
1437 970 1652 1016 eundem
1676 970 1956 1016 Walterum
1994 969 2316 1028 irregularem

277 1036 327 1079 et
370 1047 463 1092 pro
507 1032 777 1092 irregulari.
867 1032 1141 1092 Assignans
1185 1036 1235 1079 et
1272 1034 1543 1094 assignauit
1582 1037 1631 1080 et
1669 1033 1867 1093 prefixit
1907 1033 2071 1080 eidem
2110 1032 2315 1078 domino

277 1097 505 1143 Waltero
534 1096 667 1142 diem
693 1096 832 1142 Lune
855 1097 1136 1155 proximum
1159 1099 1274 1156 post
1290 1097 1472 1143 festum
1490 1098 1647 1143 sancti
1670 1098 1842 1159 Jacobi
1860 1096 2073 1157 apostoli
2090 1096 2316 1156 proxime

278 1159 496 1206 futurum
519 1161 569 1205 in
594 1160 806 1206 ecclesia
838 1160 1133 1220 prebendali
1158 1161 1221 1206 de
1246 1161 1444 1207 Sleford
1480 1176 1649 1207 coram
1686 1161 1890 1206 domino
1923 1163 2008 1206 aut
2043 1160 2147 1206 eius
2182 1173 2314 1205 com-

278 1225 504 1270 missario
548 1223 615 1269 ad
652 1224 1038 1283 proponendum
1075 1225 1126 1270 in
1165 1223 1326 1270 forma
1363 1225 1483 1270 iuris
1521 1239 1674 1286 quare
1713 1239 1814 1270 non
1853 1224 2036 1270 debeat
2073 1225 2317 1283 perpetuo

278 1288 499 1333 amoueri
544 1289 593 1333 et
637 1288 822 1346 priuari
867 1288 1037 1339 dictis,
1059 1288 1159 1333 suis
1198 1289 1494 1334 canonicatu
1539 1292 1588 1334 et
1631 1287 1902 1348 prebenda,
1949 1290 1999 1334 et
2042 1286 2108 1332 ad
2152 1289 2318 1333 cetera

277 1351 523 1406 facienda,
548 1353 659 1407 etc„
685 1352 998 1410 presentibus
1031 1350 1252 1397 Iohanne
1287 1352 1410 1411 Bug,
1434 1353 1616 1412 Rogero
1644 1351 1864 1414 Jurdone
1886 1354 1937 1398 et
1959 1366 2040 1397 me
2063 1350 2315 1397 Colstone.

280 1415 471 1474 Quibus
507 1415 590 1461 die
626 1418 676 1460 et
710 1414 837 1471 loco,
862 1414 1096 1461 videlicet
1119 1415 1394 1475 penultimo
1419 1416 1501 1462 die
1524 1416 1650 1477 Julii,
1675 1430 1806 1462 anno
1830 1414 2074 1475 predicto,
2098 1415 2148 1460 in
2183 1413 2318 1460 dicta

277 1479 490 1525 ecclesia
523 1478 588 1525 de
624 1478 866 1535 Sleforde‚
893 1480 1127 1538 magister
1162 1479 1386 1525 Thomas
1421 1479 1682 1540 Skayman,
1708 1479 2076 1526 commissarius
2112 1478 2315 1532 domini,

278 1542 574 1588 iudicialiter
598 1542 780 1588 sedens
802 1542 922 1588 fecit
946 1543 1135 1589 dictum
1159 1543 1417 1589 dominum
1441 1543 1720 1589 Walterum
1753 1543 1954 1602 publice
1992 1542 2316 1602 preconizari.

278 1607 389 1665 Quo
413 1607 732 1666 preconizato
757 1609 807 1652 et
830 1620 930 1651 non
954 1610 1290 1666 comparente,
1316 1607 1451 1653 idem
1475 1607 1843 1653 commissarius
1862 1606 2086 1653 decreuit
2103 1605 2318 1651 eundem

279 1670 645 1729 expectandum
669 1669 790 1723 fore,
811 1673 861 1715 et
884 1671 1168 1729 expectauit
1191 1685 1347 1732 Vsque
1371 1671 1505 1717 diem
1531 1671 1670 1716 Lune
1694 1671 1976 1730 proximum
1999 1672 2114 1729 post
2135 1670 2318 1715 festum

277 1734 434 1779 sancti
460 1733 722 1779 Michaelis
750 1734 974 1792 proxime
997 1733 1216 1780 futurum
1239 1735 1290 1780 in
1314 1734 1490 1780 eadem
1515 1735 1739 1791 ecclesia,
1765 1737 1814 1780 et
1838 1734 2062 1780 decreuit
2080 1748 2193 1779 eum
2210 1732 2318 1778 fore

276 1797 533 1843 citandum
557 1797 622 1842 ad
645 1798 851 1843 eosdem
875 1797 1009 1843 diem
1034 1801 1083 1844 et
1100 1798 1266 1844 locum
1283 1798 1348 1844 ad
1367 1798 1752 1858 proponendum
1769 1801 1822 1844 vt
1838 1798 1988 1857 prius,
2005 1796 2319 1856 presentibus

277 1861 498 1916 Thorde,
525 1861 731 1907 domino
753 1861 951 1907 Thoma
977 1862 1194 1918 Heselle,
1220 1863 1477 1918 canonico,
1503 1865 1553 1908 et
1575 1877 1656 1907 me
1680 1862 1930 1908 Colstone.
1989 1861 2169 1906 Postea
2184 1873 2318 1916 vero,

280 1926 396 1986 quia
448 1925 689 1971 terminus
733 1926 959 1984 proxime
1003 1927 1309 1985 prescriptus
1353 1926 1501 1985 periit
1545 1927 1651 1971 sine
1695 1926 1872 1982 fructu,
1919 1924 2152 1971 dominus
2200 1923 2321 1969 fecit

281 1988 496 2034 eundem
521 1988 778 2034 dominum
798 1989 1077 2035 Walterum
1094 1989 1203 2035 fore
1220 1989 1476 2035 citandum
1494 1989 1559 2035 ad
1578 1990 1712 2035 diem
1731 1992 1780 2035 et
1796 1989 1961 2035 locum
1979 1987 2321 2046 infrascriptos

279 2052 345 2098 ad
367 2052 752 2112 proponendum
775 2053 825 2097 in
849 2052 1011 2098 forma
1034 2052 1150 2114 [Fo.
1167 2052 1222 2114 9]
1246 2054 1364 2099 iuris
1388 2068 1540 2115 quare
1564 2054 1828 2099 occasione
1846 2053 2200 2112 premissorum
2219 2065 2320 2096 non

281 2116 464 2162 debeat
494 2122 738 2176 perpetuo
762 2117 983 2162 amoueri
1007 2121 1056 2163 et
1079 2117 1263 2176 priuari
1288 2117 1435 2163 dictis
1459 2117 1559 2162 suis
1582 2118 1879 2162 canonicatu
1902 2119 1951 2162 et
1974 2115 2246 2175 prebenda,
2272 2117 2322 2160 et

279 2182 447 2226 cetera
463 2179 696 2226 facienda
713 2182 762 2225 et
779 2180 1082 2239 recipienda,
1103 2183 1212 2237 etc„
1228 2183 1280 2226 vt
1297 2182 1446 2240 prius.
1492 2181 1587 2239 Qui
1603 2181 1806 2242 quidem
1822 2180 2053 2226 dominus
2066 2179 2320 2225 Walterus

281 2244 353 2289 sic
376 2244 554 2289 citatus
577 2244 855 2303 comparuit
877 2244 1205 2303 personaliter
1240 2259 1407 2290 coram
1445 2245 1661 2305 Depyng
1693 2245 1744 2289 in
1780 2244 1992 2290 ecclesia
2027 2241 2320 2303 prebendali

282 2306 346 2353 de
393 2307 648 2366 Bugdene,
698 2307 1060 2353 Lincolniensis
1105 2308 1332 2364 diocesis,
1373 2323 1436 2353 xv
1477 2308 1559 2354 die
1603 2309 1786 2354 mensis
1832 2307 2148 2361 NouembriS‚
2188 2320 2320 2351 anno

284 2371 486 2416 Domini
511 2371 818 2431 mccccxlij⁰;
855 2374 904 2416 et
926 2372 1268 2431 interpellatus
1290 2386 1380 2432 per
1404 2372 1593 2418 dictum
1619 2372 1834 2432 Depyng
1857 2373 1897 2416 si
1921 2371 2042 2433 quid
2065 2370 2249 2416 habeat
2270 2370 2321 2414 in

280 2434 442 2480 forma
490 2435 717 2494 predicta
771 2436 1169 2495 proponendum,
1215 2435 1449 2495 allegauit
1491 2435 1628 2497 quod
1673 2436 1905 2481 dominus
1958 2434 2211 2496 Johannes
2257 2432 2322 2479 de

282 2498 566 2555 Castilione,
592 2499 830 2545 collector
854 2499 1044 2544 domini
1078 2514 1208 2559 pape
1243 2501 1294 2545 in
1330 2499 1522 2559 Anglia,
1546 2500 1711 2559 ipsum
1748 2499 2006 2545 dominum
2040 2497 2321 2543 Walterum
2359 2511 2362 2514 ’

281 2562 346 2607 ab
369 2563 602 2608 omnibus
624 2563 1219 2620 excommunicacionum,
1239 2564 1619 2623 suspensionum
1643 2565 1693 2609 et
1715 2562 1969 2609 interdicti
1993 2561 2261 2608 sentenciis
2294 2575 2324 2606 a

281 2625 387 2671 iure
421 2626 501 2672 vel
535 2626 599 2672 ab
623 2626 826 2672 homine
862 2627 912 2671 in
949 2627 1111 2686 ipsum
1146 2627 1271 2683 latis,
1309 2642 1368 2673 ac
1404 2627 1778 2686 irregularitatis
1813 2629 1932 2672 nota
1967 2629 2017 2672 et
2050 2625 2255 2680 macula,
2281 2625 2321 2669 si

281 2704 429 2750 quam
448 2690 617 2735 diuina
636 2690 937 2736 celebrando
956 2691 1242 2747 incurreret,
1259 2691 1473 2736 absoluit
1495 2708 1503 2747 3
1529 2705 1677 2750 super
1695 2691 1875 2752 quibus
1892 2689 2118 2736 exhibuit
2133 2689 2323 2734 litteras

281 2755 508 2812 patentes
532 2753 624 2798 sub
649 2754 850 2799 nomine
875 2757 924 2799 et
948 2754 1108 2813 sigillo
1132 2755 1286 2814 ipsius
1311 2754 1501 2800 domini
1525 2754 1765 2815 Johannis
1789 2756 2074 2812 conceptas.
2132 2752 2323 2810 Quibus

282 2817 352 2862 sic
392 2816 626 2862 exhibitis
665 2820 715 2863 et
753 2818 883 2874 visis,
921 2818 1057 2863 idem
1095 2818 1311 2878 Depyng
1346 2819 1617 2877 assignauit
1652 2818 1817 2863 eidem
1854 2817 2058 2862 domino
2094 2815 2322 2862 Waltero
2382 2821 2384 2824 ’

283 2880 417 2926 diem
458 2880 634 2926 Martis
672 2882 955 2940 proximum
994 2884 1108 2940 post
1143 2882 1325 2927 festum
1361 2882 1519 2928 sancti
1560 2881 1794 2927 Nicholai
1833 2881 2058 2940 episcopi
2096 2880 2322 2939 proxime

384 2992 397 3015 1
427 2993 472 3028 S·

380 3043 397 3067 ²
424 3006 642 3082 Idierlined
662 3045 788 3083 above
807 3044 914 3082 Lune
932 3045 1145 3083 cancelled.

381 3095 397 3119 3
423 3096 607 3143 futurum
641 3098 681 3133 in
716 3098 868 3134 ecclesia
899 3098 1066 3134 omnium
1101 3098 1330 3134 Sanctorum
1366 3097 1679 3146 Northamptonie
1714 3095 1929 3134 cancelled.
1998 3095 2096 3133 This
2123 3094 2324 3133 cancelled

282 3159 448 3197 passage
466 3147 577 3196 gives
595 3146 662 3184 the
682 3147 773 3184 date
793 3150 832 3184 of
849 3147 916 3185 the
936 3148 1112 3196 bishop's
1131 3148 1325 3185 intended
1346 3159 1593 3186 movements
1612 3148 1670 3185 for
1693 3148 1884 3198 Mondzzy,
1903 3157 1926 3193 9
1945 3147 2069 3196 July„

384 3197 400 3221 ⁴
426 3198 460 3234 A
479 3211 584 3235 cross
603 3209 642 3235 at
662 3201 772 3236 these
791 3199 920 3236 words
947 3199 1078 3236 marks
1109 3200 1177 3236 the
1208 3200 1481 3236 continuation
1515 3200 1558 3237 of
1586 3199 1654 3237 the
1686 3212 1845 3249 process
1879 3198 1997 3236 lower
2027 3198 2141 3236 down
2173 3211 2224 3236 on
2256 3198 2324 3235 the

282 3249 372 3294 leaf,
391 3249 516 3287 below
536 3250 603 3286 the
622 3260 696 3287 two
716 3250 958 3300 concluding
978 3251 1219 3300 paragraphs
1237 3251 1278 3288 of
1303 3252 1372 3289 the
1391 3251 1609 3290 visitation.

387 3340 400 3364 ¹
427 3341 509 3386 l.e.,
537 3350 580 3377 21
611 3340 717 3389 July,
741 3351 851 3389 1442.
908 3341 972 3380 Cf.
995 3350 1087 3380 note
1110 3353 1125 3379 1
1148 3355 1197 3379 on
1221 3356 1258 3391 p.
1279 3345 1326 3390 48
1347 3344 1482 3381 above.

389 3393 405 3416 2
432 3393 508 3430 See
536 3392 752 3429 Visz'tatz'ons
771 3401 798 3439 1,
819 3403 881 3439 91,
902 3404 994 3430 note
1016 3402 1050 3442 5,
1068 3394 1145 3430 and
1166 3396 1253 3431 218.

310 3495 315 3501 ·
386 3443 402 3467 ³
430 3453 477 3489 30
495 3443 600 3490 July,
625 3452 732 3491 1442.
787 3443 969 3481 Alnwick
1000 3444 1162 3483 himself
1187 3458 1355 3495 appears
1385 3453 1426 3483 to
1456 3445 1555 3483 have
1586 3446 1683 3482 been
1714 3445 1889 3483 resident
1910 3452 1950 3482 at
1970 3444 2151 3483 Sleaford
2182 3455 2222 3483 at
2249 3444 2329 3482 this

287 3504 403 3604 „Tuci
431 3545 606 3583 Thomas
638 3545 852 3595 Skayman,
874 3545 1061 3592 Skaman,
1082 3546 1298 3596 Skeyman,
1321 3560 1363 3585 or
1394 3548 1577 3594 Scaman,
1596 3547 1675 3585 had
1706 3549 1794 3585 coll.
1814 3547 1856 3585 of
1885 3550 1951 3586 the
1971 3548 2259 3596 treasurership
2287 3546 2329 3584 of

288 3597 469 3643 meoln,
493 3607 536 3633 10
557 3596 663 3641 Oct.,
688 3606 780 3644 1442
803 3596 1071 3645 (Reg.xv111‚
1103 3598 1154 3635 fo.
1190 3599 1333 3646 110d.),
1355 3600 1433 3636 and
1462 3599 1505 3636 of
1533 3598 1762 3637 Dunholme
1793 3600 1967 3648 prebend
1998 3599 2037 3636 in
2068 3598 2251 3645 Lincoln,
2279 3607 2327 3644 29

291 3648 399 3695 July,
422 3659 518 3695 1444
539 3648 657 3697 (ibid).
714 3647 776 3684 He
795 3647 885 3685 died
906 3649 945 3684 in
969 3657 1062 3696 1445
1088 3649 1158 3695 (Le
1178 3649 1291 3687 Neve
1312 3661 1357 3696 11,
1378 3652 1457 3697 89).

391 3699 406 3723 ⁵
437 3709 450 3735 1
475 3698 579 3743 Oct.,
604 3708 712 3746 1442,
733 3699 845 3735 when
867 3699 1046 3736 Alnwick
1067 3713 1143 3737 was
1164 3701 1291 3738 either
1310 3712 1350 3738 at
1373 3701 1588 3746 Wooburn,
1609 3701 1766 3747 Bucks.‚
1787 3715 1830 3739 or
1848 3703 1886 3739 in
1909 3701 2094 3739 London.

389 3749 405 3774 6
433 3749 597 3787 Thorde
617 3750 649 3787 is
671 3750 900 3787 mentioned
920 3751 1101 3788 nowhere
1119 3751 1199 3789 else
1218 3752 1255 3788 in
1276 3753 1388 3790 these
1406 3753 1644 3800 visitations,
1664 3754 1742 3790 and
1762 3754 1791 3790 it
1809 3754 1840 3791 is
1859 3753 2031 3803 possible
2050 3753 2136 3790 that
2152 3752 2326 3801 Thorpe,

288 3800 422 3839 whose
442 3814 556 3838 name
575 3813 710 3838 occurs
730 3814 773 3838 so
791 3801 899 3838 often
920 3801 1144 3849 elsewhere,
1167 3816 1257 3852 may
1278 3804 1324 3841 be
1343 3814 1492 3842 meant.
