2488 4296
278 428 355 486 75
727 404 1218 466 ALNWICK‘S
1302 400 1868 462 VISITATIONS

272 581 496 627 congruo
520 566 848 612 collacionem
870 563 1064 608 faciatis
1088 563 1226 607 iuxta
1250 561 1487 620 regulam,
1513 561 1564 605 et
1597 558 1765 604 statim
1800 558 1938 605 dicto
1973 559 2319 620 completorio,

275 630 638 691 potacionibuS,
664 625 1096 673 comesacionibus
1120 628 1204 670 aut
1227 624 1337 670 aliis
1362 624 1501 668 vanis
1534 623 1586 667 in
1626 621 1910 678 refectorio,
1936 621 2206 669 infirmaria
2238 627 2324 670 aut

274 694 522 755 aliquibus
567 691 675 737 aliis
719 690 926 749 priuatis
969 689 1093 733 locis
1139 689 1246 733 siue
1297 686 1507 732 cameris
1563 686 1703 730 extra
1760 685 2028 731 claustrum
2071 686 2151 732 vel
2194 686 2324 733 infra

275 754 539 803 vllatenusl
573 751 898 806 intendendo,
935 750 1285 796 dormitorium
1322 752 1372 795 et
1405 749 1563 794 lectos
1597 747 1793 807 petatis,
1818 748 1987 793 exinde
2020 749 2112 794 nisi
2135 752 2322 795 tantum

276 820 344 865 ad
367 818 627 864 matutinas
649 829 788 875 vsque
810 815 926 859 dum
950 813 1162 873 surgitur
1185 813 1255 857 ad
1272 812 1487 871 primam
1513 810 1589 855 die
1611 811 1820 870 sequenti
1843 811 2112 857 nullatinus
2134 812 2322 871 exituri,

277 882 484 929 infirmis
507 882 558 926 in
581 878 851 925 infirmaria
875 891 938 923 ex
961 877 1262 922 necessitate
1285 873 1671 920 decubantibus²
1693 873 1952 920 dumtaxat
1974 876 2213 934 exceptis.

409 945 536 989 Item
569 941 872 1000 iniungimus
905 940 1048 985 vobis
1081 939 1326 984 vniuersis
1367 941 1417 984 et
1456 937 1664 996 singulis
1702 938 2019 996 presentibus
2057 941 2108 984 et
2145 938 2326 985 futuris

279 1007 389 1054 sub³
405 1011 531 1067 pena
554 1004 724 1063 ieiunij
747 1004 798 1048 in
814 1006 942 1063 pane
964 1006 1004 1048 et
1031 1016 1164 1062 aqua
1181 1002 1354 1061 primis
1388 1003 1567 1060 quarta
1601 1002 1643 1045 et
1675 1002 1805 1045 sexta
1825 1001 1970 1060 feriis
1992 1004 2038 1046 vt
2053 1004 2144 1062 pro
2160 1002 2326 1062 prima

280 1085 376 1117 vice
399 1084 495 1130 qua
527 1068 631 1129 quis
663 1070 864 1112 vestrum
900 1067 951 1111 in
987 1065 1078 1110 hac
1104 1068 1244 1125 parte
1277 1063 1543 1123 deliquerit,
1578 1066 1621 1108 et
1652 1062 1739 1108 sub
1767 1067 1895 1123 pena
1929 1064 2328 1111 incarceracionis

273 1137 361 1194 per
394 1147 538 1178 vnum
573 1145 773 1176 mensem
802 1133 893 1189 pro
925 1130 1146 1183 secunda,
1182 1131 1224 1173 et
1257 1127 1343 1172 sub
1372 1131 1499 1187 pena
1533 1127 2039 1173 excommunicacionis
2072 1142 2218 1188 quam
2235 1131 2327 1189 pro

282 1197 427 1242 tercia
450 1195 546 1240 vice
568 1195 619 1239 in
637 1198 889 1254 personam
913 1191 1228 1251 delinquentis
1247 1191 1536 1235 intendimus
1545 1188 1835 1248 fulminare,
1854 1193 1907 1235 vt
1928 1191 2091 1237 nullus
2108 1195 2328 1238 vestrum

282 1261 333 1305 in
356 1259 471 1304 villa
495 1258 559 1304 de
584 1256 934 1303 Dorcacestria
951 1257 1035 1300 aut
1051 1255 1161 1300 aliis
1179 1253 1547 1313 circumpositis
1564 1252 1630 1298 ad
1648 1268 1792 1298 vnum
1815 1253 2022 1300 miliare*
2043 1255 2095 1300 in
2118 1255 2329 1302 circuitu

283 1337 396 1369 cum
420 1321 724 1367 secularibus
747 1322 830 1365 aut
852 1318 961 1364 aliis
985 1318 1158 1363 bibere
1181 1320 1266 1363 aut
1294 1317 1562 1363 comedere
1596 1317 1930 1377 quouismodo
1958 1321 2212 1377 presumat
2243 1320 2330 1364 aut

282 1386 473 1446 aliquas
510 1383 705 1429 domos⁵
741 1381 1064 1441 ingrediatur,
1100 1396 1188 1426 seu
1222 1395 1334 1426 curn
1370 1379 1690 1436 secularibUS,
1726 1380 1990 1439 presertim
2024 1381 2326 1439 mulieribus,

285 1447 773 1495 communicaciones
795 1447 879 1491 aut
902 1444 1151 1505 colloquia
1173 1444 1369 1503 priuata
1392 1444 1576 1489 habeat
1599 1446 1683 1488 aut
1705 1445 1874 1489 teneat
1896 1444 2242 1505 quouismodo.

411 1511 527 1556 Item
569 1523 811 1555 monemus
849 1522 925 1553 vos
970 1522 1127 1561 omnes
1170 1510 1212 1552 et
1251 1506 1457 1566 singulos
1489 1509 1721 1566 presentes
1764 1509 1806 1551 el
1837 1507 2034 1565 futuros
2076 1507 2164 1553 sub
2201 1511 2328 1568 pena

283 1573 788 1620 excommunicacionis
820 1571 1065 1628 antedicte,
1102 1584 1159 1615 ne
1193 1570 1411 1617 mulieres
1445 1570 1638 1630 aliquas
1671 1573 2093 1630 quantumcunque
2117 1570 2332 1617 honestas

287 1638 421 1697 infra
453 1640 580 1697 septa
603 1634 888 1681 claustralia
912 1634 1026 1679 dicti
1050 1634 1327 1692 monasterij
1349 1633 1664 1679 introducatis
1699 1647 1781 1678 nec
1813 1633 1878 1678 ab
1900 1633 2013 1679 aliis
2035 1634 2331 1681 introductas

287 1702 354 1746 ad
363 1699 760 1760 familiaritatem
786 1698 1005 1757 aliquam
1031 1697 1310 1754 admittatiS,
1337 1695 1427 1742 hiis
1449 1697 1705 1742 dumtaxat
1727 1698 1921 1757 exceptis
1943 1698 2001 1743 de
2024 1698 2196 1758 quibus
2217 1698 2332 1744 iura

288 1763 437 1810 nichil
457 1778 611 1819 semen
635 1762 847 1807 criminis
869 1762 1182 1821 suspicantur.

417 1828 544 1873 Item
578 1826 880 1885 iniungimus
913 1825 1057 1870 vobis
1093 1823 1336 1870 vniuersis
1375 1826 1425 1869 et
1464 1823 1670 1883 singulis
1709 1824 2027 1882 presentibus
2065 1827 2116 1870 et
2153 1824 2332 1871 suturis

288 1890 381 1936 sub
418 1890 611 1936 eisdem
650 1890 806 1948 penis,
847 1891 900 1933 vt
939 1888 1075 1933 omni
1121 1887 1204 1934 die
1249 1887 1374 1933 hore
1418 1891 1468 1933 et
1512 1889 1743 1946 tempora
1785 1887 2235 1947 contemplacionis
2278 1889 2331 1934 in

288 1954 503 1999 claustro
543 1952 818 1998 secundum
858 1951 1080 2010 regulam
1119 1951 1318 2010 penitus
1357 1950 1700 2006 obseruentur,
1736 1951 1967 2012 quodque
2004 1951 2330 2011 temporibus,

289 2017 426 2063 horis
450 2020 499 2062 et
521 2016 643 2062 locis
669 2015 955 2060 huiusmodi
980 2014 1416 2073 contemplacioni,
1440 2014 1654 2060 leccioni
1679 2017 1729 2059 et
1756 2028 1897 2060 sacre
1920 2014 2258 2072 meditacioni,
2283 2018 2335 2062 et

289 2080 555 2125 nullatinus
578 2078 1016 2138 aucupacionibus,
1040 2077 1418 2124 venacionibus⁶
1449 2080 1533 2123 aut
1566 2076 1675 2122 aliis
1708 2078 2024 2135 vanitatibus,
2049 2078 2140 2124 sed
2168 2093 2331 2140 neque

289 2143 595 2189 discursibus
617 2145 701 2188 aut
724 2141 1015 2188 excursibus
1038 2142 1090 2186 in
1112 2141 1254 2187 villas
1271 2141 1651 2200 circumpositas
1668 2141 1748 2186 vel
1766 2144 1906 2187 extra
1923 2141 2036 2187 loca
2052 2141 2335 2188 claustralia

287 2209 340 2252 vt
363 2206 524 2262 solito,
549 2206 754 2252 omnino
787 2208 837 2251 et
871 2204 1045 2250 sedule
1077 2204 1364 2262 intendatis,
1399 2204 1680 2250 recolentes
1715 2204 1837 2266 quid
1870 2207 1921 2250 et
1953 2204 2019 2251 ad
2053 2205 2177 2266 quid
2208 2205 2333 2252 inibi

287 2270 405 2315 estis
434 2268 661 2328 professi.

417 2333 545 2378 Item
576 2331 880 2391 iniungimus
902 2331 1313 2377 vobisvniuersis
1349 2334 1400 2378 et
1435 2330 1642 2390 singulis
1671 2331 1764 2376 sub
1787 2331 1931 2390 penis
1955 2331 2258 2392 supradictis
2279 2335 2333 2379 vt

288 2396 408 2441 nulli
447 2409 661 2455 persone
702 2395 912 2440 seculari
957 2397 1396 2456 quantumcunque
1441 2395 1654 2441 honeste
1693 2409 1944 2440 cameram
1982 2395 2199 2458 aliquam
2235 2395 2335 2442 siue

289 2459 494 2505 domum
517 2458 646 2504 infra
675 2458 786 2504 loca
819 2458 1101 2504 claustralia
1123 2457 1241 2503 dicti
1263 2458 1540 2512 monasterii
1562 2458 1628 2503 ad
1651 2458 2036 2504 inhabitandum
2060 2459 2125 2505 de
2149 2459 2232 2506 die
2255 2459 2335 2506 vel

290 2522 354 2568 de
377 2525 526 2568 nocte
543 2522 923 2582 pernoctandum
947 2522 1004 2566 de
1027 2525 1174 2568 cetero
1197 2522 1496 2581 assignetis.⁷
2215 2524 2220 2527 “

419 2586 547 2631 Item
591 2586 893 2644 iniungimus
931 2585 1075 2631 vobis
1115 2586 1321 2631 sacriste
1364 2599 1458 2645 pro
1502 2588 1731 2645 tempore
1775 2585 2009 2631 existenti
2053 2585 2146 2632 sub
2190 2587 2335 2646 penis

293 2649 604 2708 supradictis,
646 2651 698 2694 vt
737 2649 900 2694 hostia
934 2650 984 2693 et
1017 2648 1152 2694 tores
1187 2648 1412 2694 locorum
1452 2648 1788 2695 claustralium
1829 2649 1965 2694 omni
2004 2649 2087 2696 die
2125 2652 2167 2695 et
2206 2652 2336 2695 nocte

292 2715 519 2771 tempore
565 2712 737 2757 debito
793 2711 1035 2757 claudatis
1057 2764 1061 2769 ⁴
1081 2715 1131 2757 et
1184 2714 1412 2771 tempore
1469 2711 1643 2758 debito
1697 2712 1946 2771 aperiatiS,
1991 2727 2056 2759 ne
2103 2712 2337 2758 seculares

292 2775 628 2834 ingrediantur
665 2777 707 2820 et
746 2775 811 2819 sic
854 2775 995 2836 quies
1035 2774 1399 2821 dormiencium
1439 2774 1647 2821 fratrum
1688 2775 1753 2821 de
1802 2778 1952 2821 nocte
2001 2776 2335 2838 quouismodo

293 2838 569 2895 turbetur⁸;
626 2838 863 2899 quodque
908 2852 1001 2883 nec
1046 2840 1295 2896 transitus,
1342 2853 1579 2884 excursus
1623 2838 1703 2885 vel
1747 2839 1989 2896 incursus,
2035 2839 2127 2886 sed
2171 2853 2335 2902 neque

295 2902 523 2947 introitus
556 2902 842 2947 secularium
879 2916 1269 2962 quorumcunque
1304 2903 1355 2947 in
1395 2901 1659 2948 ecclesiam
1698 2905 1915 2948 vestram
1954 2903 2336 2949 conuentualem

296 2965 400 3010 siue
423 2965 760 3023 parochialem
796 2964 860 3011 de
891 2965 1085 3022 eadem,
1110 2980 1201 3024 per
1234 2965 1346 3011 loca
1378 2968 1543 3011 vestra
1577 2966 1859 3011 claustralia
1892 2966 2227 3027 quouismodo
2250 2965 2337 3012 fiat

296 3028 374 3073 vel
429 3028 702 3085 habeatur;
769 3028 861 3073 sed
914 3028 1142 3074 volumus
1198 3031 1247 3074 et
1301 3028 1592 3074 ordinamus
1646 3029 1783 3090 quod
1838 3030 2002 3075 omnis
2050 3029 2336 3075 huiusmodi

297 3091 590 3137 secularium
622 3092 858 3136 transitus
897 3095 947 3137 et
991 3092 1222 3139 introitus
1257 3092 1464 3138 omnino
1502 3091 1810 3150 cohibeatur,
1847 3095 1897 3139 et
1935 3093 2035 3139 hoc
2074 3093 2168 3138 sub
2205 3107 2339 3152 pena

397 3201 410 3225 ¹
440 3202 499 3240 Sic
518 3215 527 3239 τ
555 3203 613 3240 for
633 3204 860 3241 nullatenus.

396 3251 413 3275 ²
439 3254 566 3290 Decub
596 3254 745 3292 altered
774 3254 873 3292 from
900 3254 1052 3292 decumb
1075 3267 1083 3292 ε
1112 3255 1340 3295 afterwards
1357 3255 1562 3294 dumtaxat
1578 3262 1614 3294 et
1641 3257 1680 3306 [q
1698 3256 1917 3304 cancelled]
1945 3256 2071 3305 officiis
2089 3257 2338 3296 exterioribus

296 3304 576 3342 incuitabiliter
592 3307 777 3353 occupatis
796 3306 1010 3344 cancelled.
1698 3309 1722 3327 ⁴

397 3353 413 3377 ³
431 3361 534 3403 pena
552 3356 752 3394 cancelled
772 3369 781 3393 ε
807 3359 913 3406 penis
931 3357 1161 3406 supradietis
1178 3364 1217 3396 et
1234 3358 1491 3409 infrascriptis
1509 3359 1723 3398 cancelled.
1762 3381 1768 3388 ·

395 3404 411 3428 ⁴
439 3406 655 3444 Interlined
673 3407 798 3444 above
817 3407 888 3444 duo
908 3409 1103 3445 milliaria
1123 3410 1339 3448 cancelled.

397 3455 413 3478 ⁵
439 3458 518 3494 nisi
532 3457 648 3505 offi‘cio
665 3459 784 3494 alicui
793 3459 919 3506 presit
935 3461 1150 3498 cancelled.

399 3506 415 3530 ⁶
435 3508 712 3556 piscacionibus
730 3510 944 3547 cancelled.

399 3556 415 3582 '7
442 3571 506 3596 nec
523 3560 636 3595 talem
650 3565 849 3608 personam
869 3561 974 3608 infra
993 3562 1071 3598 loca
1098 3561 1312 3599 huiusmodi
1335 3562 1380 3599 de
1409 3561 1533 3612 [noste
1559 3564 1778 3611 cancelled]
1807 3569 1907 3602 nocte
1933 3563 2105 3602 dormire
2131 3566 2196 3602 vel
2216 3567 2339 3602 iacere

302 3608 516 3659 [expectare
534 3611 597 3646 vel
607 3615 827 3658 pernoctare
845 3612 1053 3649 interlined
1071 3613 1149 3650 and
1167 3614 1251 3651 also
1270 3614 1488 3661 cancelled]
1505 3615 1745 3663 quouz‘smodo
1757 3616 1996 3664 permittatis
2012 3630 2020 3653 :
2049 3617 2102 3654 all
2120 3617 2334 3655 cancelled.

400 3660 416 3683 ⁸
441 3659 537 3696 Item
557 3662 789 3708 iniungimus
806 3662 905 3698 vobis
924 3665 1137 3701 cancelled.

402 3729 415 3753 ¹
444 3730 520 3768 See
547 3740 640 3768 note
667 3743 717 3767 on
746 3730 940 3778 Collatio,
982 3734 1210 3773 Visitations
1238 3745 1267 3779 1,
1295 3742 1383 3780 227.

400 3779 417 3803 ²
443 3780 530 3819 The
549 3781 772 3830 injunction
792 3782 824 3819 is
843 3781 1019 3821 founded
1038 3797 1088 3822 on
1110 3798 1162 3822 no
1181 3786 1309 3835 single
1327 3789 1526 3832 detectum,
1548 3787 1618 3825 but
1637 3786 1862 3826 Calethra's
1879 3788 2068 3827 evidence
2087 3788 2181 3827 with
2199 3787 2341 3838 regard
2366 3791 2368 3794 '

299 3841 340 3870 to
358 3832 426 3870 the
445 3843 514 3870 use
532 3831 574 3870 of
594 3832 633 3869 M
640 3834 860 3883 armyone's
879 3833 1053 3883 lodging,
1067 3843 1106 3872 at
1125 3836 1242 3885 night
1261 3837 1375 3874 made
1393 3837 1491 3876 such
1510 3851 1559 3875 an
1579 3838 1798 3888 injunction
1818 3838 2036 3878 advisable.
