2488 4296
211 393 322 433 [Ol
656 370 1145 430 ALNWICK'S
1229 370 1791 431 VISITATIONS

204 531 555 592 deposiciones
590 545 702 576 curn
739 544 911 577 eorum
946 530 1223 577 rubricellis
1260 534 1533 593 sequuntur
1568 532 1619 577 in
1655 531 1817 578 forma
1840 547 1902 579 ex
1925 532 2080 579 altera
2102 534 2244 592 parte

202 597 342 641 istius
359 595 465 641 folii
489 594 754 653 descripta,
779 597 828 640 et
851 596 965 639 sunt
993 593 1159 655 [hec].

343 659 450 717 [Fo.
475 656 610 718 12d.]
686 657 838 703 Facta
859 656 954 702 fuit
976 671 1189 719 sequens
1213 658 1523 704 examinacio
1545 659 1745 704 testium
1768 658 2128 718 productorum
2151 674 2244 719 pro

202 721 563 768 informacione
587 719 736 767 officii
760 720 1023 766 reuerendi
1046 722 1096 766 in
1122 721 1322 767 Christo
1345 723 1500 781 patris
1524 725 1573 767 et
1607 722 1811 778 domini,
1837 722 2027 768 domini
2051 723 2243 769 Willel-

202 786 283 842 mi,
310 786 405 831 Dei
428 785 596 844 gracia
622 783 986 830 Lincolniensis
1010 786 1248 844 episcopi,
1268 788 1444 830 contra
1465 784 1744 846 Johannem
1770 780 2062 843 Redburne,
2080 787 2242 846 proui-

202 863 365 895 sorem
400 847 611 907 hospicii
646 848 751 893 siue
779 847 966 893 familie
1004 848 1201 907 collegii
1226 848 1290 894 de
1317 849 1661 910 Foderyngey,
1689 849 2053 895 Lincolniensis
2077 850 2242 896 dioce-

200 913 279 968 sis,
305 926 453 971 super
490 925 551 956 eo
586 911 723 972 quod
759 912 867 970 ipse
903 911 1093 957 dictum
1129 912 1394 971 collegium
1431 915 1481 958 et
1510 911 1811 974 [qu]asdam
1837 913 2110 972 singulares
2132 928 2242 973 per-

201 990 348 1021 sonas
372 974 596 1020 eiusdem
620 977 794 1020 contra
816 976 1147 1021 iuramentum
1171 990 1313 1020 suum
1336 976 1387 1020 in
1410 974 1505 1021 hac
1528 981 1669 1035 parte
1703 977 1966 1036 prestitum
1990 975 2240 1022 diffamas·

200 1116 333 1148 anno
380 1102 583 1148 Domini
623 1102 1018 1162 mccccxxxviij0,
1059 1117 1148 1162 per
1188 1102 1403 1148 eundem
1447 1103 1778 1149 reuerendum
1822 1106 2014 1162 patrem
2054 1103 2244 1150 dictum

200 1165 468 1225 collegium
486 1169 586 1211 tam
611 1165 662 1210 in
686 1166 850 1225 capite
874 1180 1023 1227 quam
1057 1167 1108 1210 in
1148 1164 1411 1227 [membris
1434 1165 1572 1227 i]ure
1596 1181 1686 1213 suo
1709 1166 1963 1213 ordinario
1986 1167 2245 1214 actualiter

201 1231 497 1275 visitantem.

329 1293 612 1339 Willelmus
650 1291 963 1349 Puttenham,
1000 1291 1154 1338 frater
1189 1292 1404 1338 carnalis
1438 1292 1628 1339 domini
1663 1293 1903 1355 Johannis
1929 1294 2241 1351 Puttenham,

199 1357 321 1403 socii
345 1356 556 1416 collegii,
583 1371 790 1402 manens
823 1357 874 1401 in
912 1356 1294 1417 Foderynghey‚
1319 1357 1556 1413 literatus,
1582 1358 1729 1403 etatis
1762 1359 1876 1418 xxvj
1913 1372 2158 1404 annorum
2193 1362 2243 1404 et

202 1420 428 1480 amplius,
454 1420 612 1466 libere
636 1419 948 1466 condicionis
972 1423 1022 1466 et
1046 1421 1178 1466 bone
1201 1420 1348 1476 farne,
1373 1422 1425 1465 vt
1449 1420 1584 1477 dicit,
1604 1422 1745 1467 testis
1779 1421 2038 1479 admissus,
2063 1422 2250 1468 iuratus

202 1488 252 1530 et
276 1484 542 1543 diligenter
566 1485 843 1546 requisitus,
870 1486 979 1540 etc.,
1006 1484 1046 1529 si
1069 1484 1266 1530 nouerit
1289 1484 1427 1546 quod
1457 1484 1710 1545 Johannes
1748 1485 2019 1531 Redburne
2054 1484 2249 1532 diffam-

200 1551 333 1594 asset
368 1548 618 1593 Thomam
658 1547 888 1603 Pecham,
919 1553 1076 1607 nuper
1113 1549 1405 1608 magistrum
1439 1548 1561 1594 dicti
1595 1549 1807 1607 collegii,
1833 1563 1982 1607 super
2005 1550 2249 1595 incontin-

201 1613 359 1668 encia,
385 1611 668 1673 dicitquod
691 1612 774 1657 sic.
863 1612 1203 1670 Interrogatus
1243 1626 1356 1657 cum
1395 1626 1494 1673 qua
1532 1611 1611 1658 vel
1650 1613 1845 1674 quibus,
1887 1611 2043 1674 d[icit
2081 1611 2250 1675 qu0]d

203 1691 316 1722 curn
338 1676 526 1735 Agnetc,
551 1690 704 1721 vxore
727 1675 967 1736 Johannis
993 1675 1219 1721 Barbour
1244 1675 1307 1721 de
1335 1675 1716 1736 Foderynghey.
1809 1676 2149 1736 Interrogatus
2186 1676 2250 1722 de

203 1754 351 1786 causa
395 1740 611 1785 sciencie
655 1754 746 1795 sue,
794 1739 917 1784 dicit
961 1739 1097 1800 quod
1142 1739 1367 1799 pluribus
1412 1739 1591 1786 diebus
1630 1744 1679 1785 et
1718 1740 1951 1786 noctibus
1990 1741 2040 1786 in
2079 1740 2251 1786 Vltima

209 1801 425 1864 [yem]e,
463 1817 595 1849 anno
635 1803 838 1848 Domini
876 1803 1255 1863 mccccxxxvij0,
1281 1803 1461 1864 quibus
1497 1803 1646 1849 certis
1684 1804 1876 1860 diebus,
1901 1805 2134 1850 noctibus
2166 1807 2250 1850 aut

203 1868 458 1913 mensibus
481 1882 581 1913 non
606 1866 795 1922 recolit,
816 1869 867 1911 vt
892 1866 1026 1920 dicit,
1052 1867 1143 1912 sed
1167 1870 1282 1913 ante
1307 1870 1356 1912 et
1379 1870 1494 1926 post
1519 1867 1698 1913 Natale
1723 1866 1968 1928 [Domini‚
1989 1866 2066 1928 in]
2096 1868 2248 1914 domo

202 1931 343 1976 istius
365 1931 523 1986 iurati,
549 1934 782 1990 presente
805 1930 995 1976 ibidem
1020 1945 1115 1975 vna
1139 1945 1252 1976 cum
1283 1931 1380 1976 isto
1413 1933 1541 1976 teste
1575 1931 1803 1992 Johanna
1836 1946 1989 1977 vxore
2023 1932 2249 1978 eiusdem

202 1996 355 2050 testis,
384 1995 468 2040 vbi
506 1998 554 2040 et
594 1993 795 2056 quando
835 1994 1026 2039 audiuit
1062 1994 1250 2039 dictum
1291 1994 1584 2055 Johannem,
1623 1994 1891 2054 aliquando
1928 1995 2156 2040 sedentem
2197 1995 2248 2040 in

202 2057 445 2114 cathedra,
464 2058 733 2118 aliquando
750 2061 887 2117 super
908 2072 1153 2102 scamnum
1172 2061 1259 2118 per
1282 2058 1449 2118 ignem,
1470 2058 1639 2104 dicere
1663 2059 1800 2120 quod
1824 2058 2007 2104 dictus1
2025 2058 2248 2104 Thomas

205 2121 436 2179 Pecham,
461 2122 710 2181 magister,
736 2122 974 2180 cognouit
1011 2121 1275 2167 carnaliter
1311 2121 1571 2181 Agnetem,
1604 2136 1810 2168 vxorem
1849 2122 1970 2168 dicti
2006 2122 2247 2183 Johannis

205 2186 444 2232 Barbour.
507 2186 847 2244 Interrogatus
870 2200 933 2230 an
958 2185 1093 2230 idem
1116 2185 1368 2246 Johannes
1392 2185 1485 2230 fuit
1507 2185 1694 2232 adtunc
1717 2185 1911 2231 sobrius
1934 2186 2013 2231 vel
2037 2185 2249 2243 ebreus,²

203 2249 326 2295 dicit
348 2249 485 2311 quod
506 2249 621 2294 satis
644 2249 852 2295 sobrius.
917 2249 1062 2294 Item⁸
1083 2249 1416 2308 interrogatus
1439 2264 1502 2294 an
1525 2250 1722 2295 nouerit
1745 2250 1784 2294 si
1809 2249 1972 2295 dictus
1994 2249 2247 2310 Johannes

206 2313 475 2359 Redburne
494 2312 804 2358 diffamasset
821 2314 1111 2371 magistrum
1130 2312 1311 2372 collegii
1333 2314 1417 2374 qui
1437 2328 1568 2359 nunc
1591 2316 1667 2359 est
1690 2328 1838 2373 super
1861 2314 2244 2370 incontinencia,

203 2377 325 2423 dicit
369 2377 506 2438 quod
551 2377 636 2422 sic.
728 2377 1068 2435 Interrogatus
1113 2391 1226 2422 cum
1271 2391 1369 2438 qua
1413 2376 1492 2422 vel
1541 2377 1734 2438 quibus,
1783 2376 1905 2422 dicit
1949 2377 2087 2438 quod
2132 2392 2246 2423 cum

204 2441 441 2487 Emmota‘
462 2440 526 2486 de
551 2441 737 2500 Butery
761 2440 824 2486 de
851 2440 890 2485 F
893 2440 1232 2501 oderynghey.
1325 2440 1610 2502 Requisitus
1634 2440 1697 2486 de
1721 2455 1870 2486 causa
1902 2441 2118 2487 sciencie
2141 2455 2243 2498 sue,

203 2505 326 2551 dicit
350 2504 487 2566 quod
511 2505 702 2550 eisdem
725 2503 1050 2563 temporibuS,
1075 2519 1207 2549 anno
1242 2507 1292 2550 et
1325 2504 1438 2550 loco
1462 2518 1552 2563 per
1575 2504 1791 2549 eundem
1814 2507 1995 2550 testem
2018 2504 2244 2563 superius

202 2568 446 2628 depositis
482 2571 532 2614 et
567 2569 618 2613 in
654 2568 816 2614 forma
852 2567 1095 2627 predicta,
1121 2567 1312 2613 audiuit
1350 2568 1567 2613 eundem
1600 2568 1880 2629 Johannem
1915 2567 2084 2614 dicere
2106 2568 2244 2630 quod

202 2633 434 2678 dominus
471 2632 715 2678 Ricardus
738 2632 960 2687 Vautort,
988 2646 1119 2676 nunc
1143 2632 1379 2691 magister
1403 2631 1523 2677 dicti
1556 2631 1767 2691 collegii,
1794 2632 2032 2691 cognouit
2053 2631 2242 2677 carnal-

201 2697 294 2742 iter
331 2696 518 2742 dictam
556 2696 843 2741 Emmotam
881 2695 963 2742 del
1002 2695 1201 2756 Botery,
1228 2699 1277 2741 et
1313 2695 1449 2756 quod
1485 2696 1698 2754 ipsemet
1737 2695 2008 2741 Redburne
2039 2695 2165 2741 dixit
2189 2710 2243 2742 se

201 2760 407 2806 sciuisse
430 2760 625 2819 cepisse
649 2759 855 2805 eosdem
898 2759 1168 2804 Ricardum
1204 2762 1254 2805 et
1291 2759 1578 2804 Emmotam
1614 2759 1759 2804 simul
1794 2760 1845 2804 in
1881 2773 1979 2805 vno
2015 2759 2240 2818 gardino.

202 2825 360 2870 nescit
384 2824 534 2869 cuius.
606 2824 721 2869 Non
746 2827 821 2868 est
845 2823 1143 2868 subornatus
1167 2837 1331 2882 prece,
1357 2823 1542 2882 precio,
1567 2822 1754 2879 fauore,
1781 2822 1900 2868 odio
1924 2822 2003 2869 vel
2028 2821 2241 2869 timore.⁴

328 2887 567 2949 Johanna,
612 2887 752 2932 vxor⁵
797 2886 1036 2932 Willelmi
1076 2887 1375 2932 Puttenham
1414 2886 1478 2932 de
1520 2887 1560 2931 F
1562 2886 1902 2947 oderynghey,
1943 2887 2088 2932 etatis
2125 2887 2240 2946 xxvj

199 2966 457 3008 annorum,
477 2951 633 2997 libere
656 2950 970 2997 condicionis
993 2953 1043 2996 et
1067 2951 1199 2996 bone
1222 2950 1368 3005 fame,
1386 2953 1438 2995 vt
1456 2950 1591 3007 dicit,
1611 2949 1772 2996 affinis
1791 2950 1981 2996 domini
2003 2949 2244 3011 Johannis

204 3015 515 3071 Puttenham,
558 3016 680 3060 socii
719 3014 918 3074 collegii
957 3014 1186 3073 predicti,
1223 3017 1396 3074 vtpote
1432 3028 1555 3059 vxor
1593 3013 1759 3059 fratris
1798 3013 2023 3059 eiusdem
2061 3013 2245 3060 domini

199 3079 453 3141 Johannis,
478 3079 619 3124 testis
642 3078 707 3123 ad
730 3078 783 3123 id
802 3079 960 3123 iurata
983 3081 1033 3124 et
1058 3077 1323 3137 diligenter
1346 3077 1585 3139 requisita
1618 3092 1766 3136 super
1800 3077 2068 3137 premissis,
2093 3092 2243 3137 super

200 3144 380 3205 quibus
415 3143 672 3202 predictus
707 3143 946 3188 contestis
985 3157 1101 3187 suus
1135 3141 1230 3187 fuit
1266 3142 1588 3197 examinatus,
1615 3141 1890 3187 concordat
1925 3155 2039 3187 cum
2063 3141 2245 3187 eodem

202 3210 428 3253 conteste
463 3221 566 3263 suo,
593 3205 689 3251 hiis
723 3205 923 3263 additis,
949 3206 1086 3267 quod
1123 3204 1218 3251 hec
1253 3205 1389 3251 dicta
1423 3204 1623 3251 fuerunt
1660 3204 1824 3250 modis
1860 3207 1910 3250 et
1937 3204 2111 3250 formis
2134 3220 2243 3265 pre·

203 3270 350 3316 dictis
383 3271 434 3314 in
467 3284 611 3329 yeme
643 3269 816 3315 vltimo
850 3270 1089 3329 preterita
1122 3272 1172 3315 et
1204 3270 1255 3314 in
1279 3284 1423 3329 yeme
1446 3269 1673 3332 proxime
1696 3269 1934 3327 preterita
1955 3268 2021 3314 ad
2044 3283 2242 3326 annum,

304 3381 317 3405 ¹
344 3383 526 3430 magister
543 3381 761 3419 cancelled.

304 3434 322 3458 2
347 3435 430 3471 Sic.

303 3484 320 3508 3
345 3484 387 3521 di
403 3483 621 3522 cancelled.

301 3536 317 3558 4
343 3535 446 3574 Dicit
461 3535 561 3585 quod
577 3535 662 3583 (sic)
683 3537 836 3586 insuper
853 3537 923 3573 iste
940 3537 1044 3575 testis
1061 3535 1160 3585 quod
1173 3535 1329 3574 audiuit
1344 3536 1507 3574 eundem
1523 3535 1739 3584 johannem
1758 3534 1973 3583 Redburne,
1991 3535 2130 3583 diebus,
2148 3548 2250 3574 anno

199 3594 237 3625 et
254 3590 327 3626 loco
344 3590 516 3638 superius
535 3593 611 3636 per
627 3586 783 3623 eundem
802 3592 932 3624 testem
951 3587 1136 3637 depositis,
1154 3587 1337 3625 dicentem
1356 3588 1455 3638 quod
1470 3587 1643 3625 dominus
1657 3586 1856 3635 Johannes
1882 3586 1918 3623 T
1912 3601 2010 3624 unne
2027 3589 2251 3635 cognoussset

199 3640 366 3678 Aliciam
384 3651 546 3677 vxorem
562 3637 753 3686 johannis
773 3640 851 3676 Ree
869 3645 906 3675 et
923 3640 1165 3687 Margeriam
1182 3652 1338 3677 vxorem
1355 3639 1539 3689 Johannis
1567 3638 1657 3687 Veys
1674 3638 1719 3676 de
1735 3637 2000 3687 Foderynghey
2018 3644 2055 3676 et
2070 3639 2248 3677 similiter

201 3689 416 3728 cancelled.

301 3742 318 3766 ⁶
332 3740 563 3792 solz[anm's]
586 3739 804 3779 cancelled.

301 3827 314 3852 ²
342 3826 429 3865 The
457 3824 613 3864 ‘office'
643 3824 684 3862 οἱ
710 3838 733 3862 a
759 3825 901 3875 bishop
929 3826 960 3864 is
987 3840 1010 3863 a
1038 3838 1135 3865 term
1163 3826 1394 3877 equivalent
1421 3838 1462 3865 to
1482 3826 1549 3865 the
1567 3826 1772 3865 collective
1793 3826 1897 3876 body
1917 3827 1959 3864 of
1975 3826 2140 3866 officials
2159 3826 2246 3865 who
