2476 4412
783 954 1268 1015 ALNWICK'S
1351 952 1938 1011 VISITATIONS.

1337 1093 1364 1149 Ι

1208 1190 1323 1252 [FO.
1362 1138 1503 1251 {7d.]

338 1281 600 1327 VISITACIO
647 1289 928 1324 PmoRATus
974 1288 1042 1321 DE
1093 1273 1516 1329 ANKERWYK,
1569 1286 1782 1319 onomls
1832 1285 2010 1319 SANCTI
2064 1273 2378 1331 BENED1CT1,

529 1343 932 1388 LINCOLNIENSIS
958 1351 1202 1393 DIOCESIS,
1230 1349 1493 1383 INCHOATA
1517 1349 1582 1382 ET
1606 1349 1763 1382 FACTA
1796 1350 1850 1382 IN
1887 1349 2036 1383 DOMO
2072 1349 2379 1384 CAPITULARI

527 1417 715 1451 IBIDEM
761 1410 816 1449 x0
862 1416 952 1448 DIE
993 1414 1181 1448 MENSIS
1216 1402 1491 1456 OCToBR18‚
1528 1412 1669 1446 ANNo
1705 1401 1911 1446 DOMINI
1948 1406 2242 1456 MCCCCXLJ⁰‚
2280 1413 2381 1447 PER

530 1479 892 1514 REUERENDUM
930 1478 983 1511 IN
1011 1466 1251 1513 ,CHRISTO
1280 1476 1487 1509 PATREM
1514 1476 1578 1508 ET
1603 1475 1856 1509 DOMINUM
1881 1464 2248 1521 WILLELMUM,
2276 1465 2379 1510 DEI

529 1543 715 1578 GRACIA
762 1531 1198 1575 LINCOLNIENSEM
1250 1539 1557 1584 EPISCOPUM,
1604 1539 1746 1573 ANNo
1791 1539 2230 1574 CONSECRACIONIS
2284 1540 2381 1574 SUE

525 1601 632 1641 XVJ0
668 1607 732 1639 ET
765 1604 1166 1639 TRANSLACIONIS
1200 1590 1301 1637 th0.

466 1698 654 1757 Quibus
687 1697 899 1742 termino
923 1698 973 1741 et
1005 1695 1132 1751 1000,
1159 1694 1367 1740 sedente
1392 1693 1528 1740 dicto
1553 1692 1833 1739 reuerendo
1856 1695 1998 1753 patre
2020 1693 2072 1738 in
2095 1693 2382 1740 huiusmodi

338 1761 640 1808 visitacionis
663 1775 749 1806 sue
774 1760 983 1818 negocio
1008 1758 1296 1804 inchoando
1321 1760 1371 1803 et
1394 1756 1692 1812 exercendo,
1717 1759 2105 1815 comparuerunt
2128 1771 2298 1803 coram
2320 1771 2383 1804 eo

339 1825 633 1871 iudicialiter
668 1824 870 1869 domina
904 1823 1190 1868 Clemencia
1226 1820 1510 1877 Medforde,
1546 1820 1784 1880 priorissa
1817 1820 1940 1866 dicti
1983 1820 2096 1875 loci,
2133 1823 2182 1867 et
2214 1822 2383 1867 cetere

271 1923 277 1927 -
342 1889 579 1934 moniales
601 1887 822 1933 eiusdem
854 1904 862 1942 ;
899 1889 948 1931 et
972 1885 1170 1941 deinde,
1195 1886 1353 1944 petito
1377 1885 1441 1930 ab
1465 1885 1573 1943 ipsa
1602 1884 1838 1943 priorissa
1871 1898 1962 1943 per
1995 1883 2185 1930 dictum
2218 1898 2381 1931 reuer-

342 1952 523 1997 endum
558 1954 748 2010 patrem
783 1948 1131 1995 certificatorio
1165 1948 1387 1994 mandati
1423 1949 1497 1993 sui
1532 1947 1667 1993 dicte
1700 1948 1937 2007 priorisse
1970 1962 2063 2007 pro
2097 1946 2383 1994 huiusmodi

339 2015 627 2061 visitacione
670 2013 956 2070 transmissi,
989 2013 1098 2072 ipsa
1142 2012 1379 2071 priorissa
1423 2012 1587 2071 ipsum
1632 2011 1873 2070 originale
1912 2011 2204 2057 mandatum
2244 2011 2382 2057 dicto

340 2077 616 2124 reuerendo
653 2078 779 2136 patri
815 2076 927 2122 loco
963 2075 1298 2135 certificatorij
1337 2075 1582 2132 liberauit,
1614 2088 1842 2120 asserens
1878 2089 1932 2120 se
1967 2089 2069 2120 non
2103 2074 2383 2134 intelligere

339 2141 626 2186 mandatum
661 2141 836 2199 ipsum,
870 2154 962 2185 nec
998 2139 1232 2185 habuisse
1269 2141 1353 2184 aut
1388 2138 1576 2185 habere
1611 2138 1829 2199 aliquem
1865 2138 2082 2197 peritum
2115 2138 2196 2184 vel
2230 2138 2383 2184 alium

340 2204 607 2264 litteratum
631 2205 713 2265 qui
748 2204 905 2263 ipsam
930 2202 1220 2248 informaret
1244 2202 1365 2264 quid
1389 2205 1560 2248 actura
1584 2205 1715 2248 esset
1737 2202 1788 2247 in
1812 2201 1908 2248 hac
1931 2204 2087 2261 parte.
2153 2201 2383 2248 Tandem

339 2268 472 2313 idem
506 2267 806 2313 reuerendus
839 2270 979 2325 pater
1013 2281 1076 2312 ex
1102 2267 1270 2325 gracia
1293 2281 1380 2311 sua
1403 2266 1604 2312 admisit
1626 2266 1773 2311 istam
1796 2280 1936 2311 suam
1960 2266 2341 2312 excusacionem
2371 2282 2381 2322 3

341 2333 389 2376 et
412 2331 696 2376 ministratis
721 2345 867 2389 super
891 2330 988 2376 hoc
1011 2345 1100 2390 per
1118 2330 1331 2376 eandem
1349 2330 1638 2389 priorissam
1658 2329 1942 2375 nominibus
1961 2331 2011 2375 et
2033 2329 2384 2388 agnominibus

339 2394 638 2453 singularum
672 2393 958 2439 monialium
991 2429 1000 2438 .
1062 2431 1071 2440 .
1137 2430 1146 2440 .
1209 2427 1219 2440 ,
1277 2427 1287 2438 .
1341 2429 1349 2439 .
1406 2391 1438 2439 .1
1471 2392 1694 2438 mandati
1739 2392 2025 2438 huiusmodi
2070 2393 2382 2452 conscriptis,

339 2457 514 2502 eadem
549 2458 782 2516 priorissa
819 2457 1043 2502 exhibuit
1079 2456 1286 2503 domino
1322 2456 1694 2516 prefeccionem
1731 2470 1869 2501 suam
1907 2458 1958 2501 et
1993 2455 2284 2501 mandatum
2315 2455 2382 2501 ad

337 2520 699 2577 installandum,
725 2520 815 2566 sed
838 2520 902 2566 de
925 2520 1268 2566 installacione
1302 2519 1469 2566 nicht?
1500 2519 1739 2566 exhibuit.
1828 2519 2060 2565 Tandem
2097 2519 2256 2565 iurata
2291 2533 2382 2579 per

340 2598 447 2628 eam
473 2583 607 2629 dicto
631 2583 906 2629 reuerendo
929 2585 1058 2643 patri
1082 2583 1381 2630 obediencia
1404 2584 1647 2630 canonica
1669 2583 1720 2628 in
1743 2582 1906 2629 forma
1930 2585 2182 2639 consueta,
2203 2583 2383 2628 eadem

339 2647 571 2705 priorissa
590 2646 811 2692 exhibuit
829 2647 1045 2708 quedam
1063 2647 1415 2693 munimencia⁸
1433 2647 1797 2693 concernencia
1814 2645 2171 2693 fundacionem
2188 2645 2380 2692 domuS.

341 2710 516 2755 Postea
566 2710 788 2755 exhibuit
837 2711 1088 2771 quendam
1133 2710 1349 2757 rotulum
1394 2712 1738 2757 continentem
1782 2709 2010 2756 redditus
2057 2709 2250 2767 domus,
2297 2710 2382 2772 qui

340 2772 567 2818 deductis
591 2773 868 2818 redditibus
892 2774 1119 2820 resolutis
1143 2774 1420 2820 extendunt
1444 2789 1496 2820 50
1520 2774 1585 2819 ad
1619 2773 1773 2834 xxijli.
1802 2774 1885 2833 vjs.
1911 2774 2028 2834 vijd.
2120 2773 2199 2820 De
2231 2787 2382 2833 ycon-

340 2837 470 2880 omia
491 2836 837 2894 temporalium
861 2840 909 2882 et
934 2838 996 2883 de
1020 2838 1128 2883 aliis
1151 2838 1381 2897 receptis,
1405 2840 1457 2883 vt
1481 2852 1543 2883 ex
1578 2837 1871 2886 elemosinis,
1898 2840 1948 2882 et
1980 2836 2089 2883 aliis
2124 2837 2382 2893 similibus,

340 2898 492 2944 nichil
516 2899 730 2955 exhibet,
756 2903 805 2945 et
829 2900 950 2946 dicit
985 2901 1121 2962 quod
1160 2901 1339 2947 domus
1376 2901 1748 2947 indebitabatur
1783 2903 2013 2960 tempore
2048 2900 2383 2960 prefeccionis

341 2975 427 3006 sue
463 2962 512 3006 in
549 2976 637 3007 000
673 2963 863 3019 marcis,
890 2966 938 3009 et
974 2965 1070 3010 iam
1107 2964 1413 3010 indebitatur
1447 2964 1608 3010 solum
1631 2965 1682 3010 in
1705 2964 1756 3009 xl
1786 2964 1940 3021 libris,
1965 2978 2177 3026 quorum
2200 2963 2382 3009 credit-

341 3038 481 3069 orum
520 3026 775 3071 nominum
814 3027 977 3088 aliqua
1017 3027 1249 3074 declarat.
1353 3028 1420 3073 Et
1464 3030 1642 3088 postea
1686 3028 1968 3074 examinata
2012 3027 2136 3074 dicit
2182 3041 2240 3073 ea
2285 3041 2383 3088 que

342 3091 622 3148 sequuntur.

470 3151 684 3197 Domina
720 3151 1004 3199 Clemencia
1041 3154 1324 3210 Medforde,
1362 3155 1612 3214 priorissa,
1651 3155 1775 3201 dicit
1813 3154 1951 3216 quod
1990 3153 2231 3200 moniales
2269 3156 2384 3200 sunt

341 3213 645 3274 aliquociens
669 3230 730 3260 ex
752 3216 848 3261 leui
872 3220 1022 3263 vento
1046 3221 1181 3264 mote
1205 3221 1379 3264 contra
1402 3233 1526 3264 eam.

471 3277 597 3322 Item
621 3277 741 3323 dicit
771 3279 905 3339 quod
930 3281 1169 3327 moniales
1193 3285 1367 3328 contra
1390 3282 1612 3341 regulam
1636 3283 1772 3328 omni
1796 3281 1879 3328 die
1902 3283 2043 3344 quasi
2067 3297 2129 3328 ex
2153 3283 2381 3328 consuet-

343 3338 493 3384 udine
517 3340 691 3385 bibunt
715 3343 764 3386 et
788 3346 1020 3388 exercent
1043 3345 1334 3402 potaciones
1357 3348 1473 3404 post
1497 3346 1893 3406 completorium.

472 3402 685 3448 Domina
711 3404 920 3450 Isabella
944 3405 1229 3463 Standene‚‘¹
1252 3410 1596 3468 suppriorissa,
1623 3409 1746 3455 dicit
1770 3410 1937 3456 omnia
1960 3409 2104 3456 bene.

442 3510 456 3533 ¹
484 3511 569 3549 The
590 3523 675 3561 part
693 3514 735 3550 of
758 3514 824 3550 the
854 3515 939 3552 MS.
960 3518 1192 3566 containing
1218 3518 1297 3556 this
1323 3519 1527 3557 visitation
1555 3520 1586 3557 is
1616 3521 1732 3558 much
1761 3520 1919 3569 injured
1947 3521 1998 3571 by
2025 3520 2145 3569 damp
2172 3519 2251 3556 and
2277 3527 2378 3556 torn.

343 3561 485 3619 Words
504 3562 699 3620 insquare
719 3565 898 3602 brackets
916 3567 1059 3616 supply
1079 3568 1241 3606 lacunae
1259 3583 1301 3607 as
1322 3570 1379 3607 far
1397 3583 1438 3608 as
1458 3571 1644 3620 possible.
1715 3571 1760 3609 In
1780 3571 1860 3609 this
1880 3584 1969 3609 case
1990 3571 2057 3609 the
2077 3571 2159 3609 first
2180 3570 2318 3609 letters
2345 3569 2388 3606 of

345 3613 411 3650 the
430 3612 749 3663 mdempherable
770 3628 936 3665 passage
956 3630 1021 3654 are
1039 3620 1097 3664 vij
1110 3632 1153 3656 or
1171 3633 1249 3657 ver.

440 3661 460 3736 ἰ
485 3662 680 3750 Igalicised
700 3666 825 3703 words
844 3667 1013 3705 indicate
1033 3669 1348 3710 interlineations
1367 3671 1407 3709 in
1428 3673 1495 3710 the
1526 3672 1614 3711 MS.

519 3728 563 3752 ιε.

444 3764 459 3787 ⁴
486 3766 544 3802 Pr
570 3765 779 3804 cancelled.

442 3853 456 3878 ²
483 3853 568 3912 The
586 3854 732 3913 adverb
749 3856 902 3915 applies
921 3865 962 3916 to
980 3859 1047 3897 the
1066 3860 1208 3911 bishop
1236 3863 1399 3913 ‘sitting
1422 3865 1630 3918 judicially
1649 3880 1691 3904 as
1710 3880 1731 3904 a
1752 3867 1956 3911 tribunal’.
1982 3867 2060 3906 and
2087 3867 2158 3907 has
2175 3865 2384 3917 evidently

343 3903 440 3942 been
460 3905 671 3955 misplaced
692 3919 731 3943 in
752 3907 819 3946 the
838 3909 1019 3958 original.

346 3965 371 3995 Ῑ
