2488 4296
267 368 381 426 207
727 352 1211 411 ALNWICK’S
1293 353 1854 413 VISITATIONS

265 509 536 564 Oliuerum,
582 509 771 555 dudum
819 509 1220 555 Lincolniensem
1268 510 1575 570 episcopum,
1623 514 1672 557 et
1716 511 1884 558 habet²
1928 515 2192 560 terminum
2235 517 2301 563 ad

263 575 468 619 terciam
508 574 880 632 percussionem
920 572 984 618 de
1019 573 1230 632 orilogio
1269 576 1383 632 post
1422 589 1605 620 nonam
1644 575 1709 620 ad
1745 576 2082 622 exhibendum
2107 579 2300 626 titulum

266 636 665 682 confirmacionis
703 636 971 682 eleccionis
1007 651 1094 682 sue
1130 641 1179 681 et
1214 637 1584 683 installacionis.
1676 639 1917 685 Exhibuit
1941 641 2098 686 eciam
2123 645 2304 688 statum

265 701 443 746 domus
466 718 474 755 ;
510 704 560 745 et
596 703 771 759 postea
807 701 1116 744 examinatus
1150 700 1273 745 dicit
1296 715 1354 746 ea
1377 715 1475 762 que
1498 705 1782 762 sequuntur.
1875 704 1931 748 In
1955 719 2055 765 quo
2078 707 2305 760 termino,

264 765 380 809 licet
417 763 744 822 personaliter
778 767 1138 822 comparuerat,
1164 763 1318 809 nichil
1342 766 1508 810 tamen
1533 765 1598 811 de
1621 764 2008 812 confirmacione
2042 768 2308 815 eleccionis

265 830 349 872 aut
385 827 727 872 installacione
763 826 866 871 sue2
901 827 1140 881 exhibuit,
1180 841 1273 872 nec
1309 827 1375 872 ad
1411 828 1500 874 sic³
1534 829 1760 887 protinus
1795 833 1879 874 aut
1914 831 1964 875 in
2001 830 2219 877 futurum
2257 833 2307 878 in

265 891 432 951 aliquo
468 890 807 935 exhibendum
847 905 900 935 se
940 890 1132 935 obtulit.
1216 890 1339 936 Ideo
1377 891 1482 936 eius
1521 892 1870 938 obedienciam
1910 894 2108 952 exigere
2147 895 2310 941 dictus

267 954 571 999 reuerendus
607 957 748 1013 pater
785 968 885 998 non
923 955 1126 1008 curauit,
1165 968 1278 998 cum
1314 969 1403 1013 per
1445 953 1542 1000 hoc
1581 956 1735 1014 ipsius
1772 956 1968 1002 abbatis
2007 961 2187 1004 statum
2226 964 2310 1004 aut

265 1019 632 1077 possessionem
687 1031 945 1078 quousque
1001 1017 1065 1063 de
1120 1018 1191 1062 eis
1236 1017 1537 1063 sufficienter
1591 1019 1819 1065 docuerit
1872 1021 2154 1080 approbare
2208 1037 2308 1068 non

254 1082 558 1126 'intendebat
580 1098 588 1138 ;
625 1081 714 1126 sed
738 1085 790 1125 vt
814 1082 963 1126 sciret
986 1080 1197 1142 qualiter
1220 1080 1313 1126 fuit
1337 1082 1386 1126 in
1410 1081 1666 1140 religione⁴
1689 1086 1740 1128 et
1761 1083 1869 1128 aliis
1891 1084 2210 1131 obseruatum
2245 1087 2308 1132 ad

264 1146 644 1206 inquisicionem
667 1159 806 1189 suam
830 1145 1222 1204 preparatoriam
1246 1145 1295 1189 in
1319 1145 1427 1204 ipsa
1451 1160 1539 1190 sua
1563 1147 1852 1192 visitacione
1875 1149 2131 1206 processit.

394 1222 566 1266 Frater
590 1221 872 1266 Willelmus
895 1221 1231 1281 Sadyngtone,
1255 1221 1426 1266 abbas.

394 1286 566 1330 Frater
588 1285 841 1346 Johannes
868 1285 1145 1344 Hynkeley,
1165 1285 1314 1344 prior,
1341 1284 1462 1330 dicit
1486 1287 1536 1330 et
1559 1285 1684 1344 petit
1707 1288 1760 1331 vt
1783 1287 2085 1333 nummerus⁵
2106 1290 2306 1334 canoni-

265 1363 436 1395 corum
460 1351 710 1407 augeatur.
1035 1390 1043 1399 ,

391 1411 695 1472 (Belgraue.)
764 1413 890 1457 Item
915 1412 1037 1457 dicit
1059 1412 1196 1473 quod
1219 1413 1372 1458 frater
1405 1412 1627 1458 Thomas
1665 1412 1909 1472 Belgraue
1943 1415 2199 1460 absolutus
2233 1419 2308 1461 est

263 1492 291 1521 a
315 1475 470 1521 choro
494 1479 699 1535 propter
723 1475 1035 1521 infirmitates
1071 1476 1250 1537 quibus
1287 1476 1582 1535 deprimitur
1618 1478 1667 1521 et
1702 1477 1831 1522 iacet
1866 1479 1915 1523 in
1952 1477 2232 1536 infirmaria,
2258 1483 2308 1525 et

264 1541 476 1599 percipit
501 1541 666 1585 omnia
690 1539 958 1585 commoda
981 1540 1108 1585 sicut
1132 1540 1283 1586 ceteri
1309 1540 1536 1585 canonici
1561 1539 1886 1586 obseruantes
1909 1556 2062 1587 onera
2092 1543 2233 1588 chori
2258 1546 2308 1589 et

263 1604 531 1662 religionis,
557 1604 714 1648 eciam
739 1603 803 1648 de
827 1603 1061 1657 obitibus,
1086 1606 1136 1648 et
1159 1607 1325 1649 seruat
1347 1602 1680 1649 infirmariam.

394 1668 520 1712 Item
566 1667 687 1713 dicit
731 1666 867 1728 quod
914 1667 1183 1712 existentes
1228 1668 1278 1712 in
1319 1667 1685 1713 minucionibus
1724 1670 1856 1714 stant
1895 1669 1944 1713 in
1985 1683 2156 1715 mensa
2192 1685 2307 1716 cum

262 1731 456 1776 abbate.

392 1794 616 1855 (Abbas.)
687 1795 812 1839 Item
839 1794 1119 1856 dicitquod
1143 1794 1300 1840 abbas
1325 1809 1424 1840 non
1461 1794 1597 1840 venit
1632 1794 1697 1840 ad
1732 1794 1941 1841 chorum
1978 1797 2069 1841 nisi
2106 1798 2308 1858 quando

264 1859 524 1920 exequitur
548 1857 780 1914 officium,
806 1861 856 1903 et
879 1858 1007 1904 iacet
1031 1859 1081 1903 in
1106 1873 1303 1904 camera
1326 1873 1413 1903 sua
1436 1858 1564 1903 infra
1588 1858 1947 1904 dormitorium.

394 1923 519 1968 Item
545 1922 666 1966 dicit
688 1921 823 1983 quod
847 1922 1056 1982 quilibet
1080 1923 1350 1967 canonicus
1372 1923 1586 1981 percipit
1608 1923 1658 1967 in
1682 1937 1814 1968 anno
1837 1938 1867 1968 v
1890 1938 2094 1971 marcas

396 1984 745 2046 [Wygstone.]
820 1985 992 2031 Frater
1015 1985 1267 2047 Johannes
1293 1985 1517 2046 Pomery,
1538 1987 1767 2045 supprior
1790 1989 1841 2032 et
1863 1987 2098 2045 magister
2122 1989 2305 2034 nouici-

265 2063 419 2105 orum,
445 2049 567 2095 dicit
589 2048 725 2110 quod
750 2049 1133 2109 Wykyngstone
1166 2050 1302 2094 stetit
1336 2048 1620 2095 cellerarius
1655 2051 1874 2111 quinque
1909 2051 2051 2096 annis
2086 2055 2136 2098 et
2170 2052 2307 2113 quod

264 2114 572 2173 computauit
595 2127 687 2171 pro
711 2113 907 2158 duobus
931 2114 1105 2172 primis
1126 2113 1270 2158 annis
1292 2115 1342 2158 et
1366 2116 1440 2158 est
1463 2113 1628 2159 adhuc
1665 2117 2039 2173 computaturus
2063 2115 2128 2161 de
2149 2116 2307 2161 tribus

263 2178 405 2222 annis
428 2176 800 2236 posterioribus.
1967 2186 1972 2190 ’

390 2240 615 2299 (Abbas.)
688 2241 860 2286 Frater
893 2240 1146 2302 Johannes
1177 2239 1514 2301 Sadyngtone,
1539 2240 1836 2297 cellerarius,
1862 2241 2002 2287 dicit⁶
2023 2243 2168 2301 pauci
2194 2246 2306 2288 sunt

263 2306 346 2365 qui
384 2306 652 2350 obseruant
688 2304 897 2350 chorum
934 2304 1078 2349 vltra⁷
1112 2304 1377 2350 officiarios
1412 2305 1646 2350 absentes
1681 2307 1731 2350 et
1766 2306 2018 2351 ministros
2053 2306 2221 2351 altaris
2257 2310 2306 2352 et

365 2417 376 2440 ¹
404 2418 454 2454 da
472 2417 686 2455 cancelled.

364 2468 381 2543 Ξ
408 2471 495 2507 Sic:
517 2469 584 2556 {or
610 2482 764 2558 suailed

364 2571 380 2646 ἒ
401 2527 687 2658 ξὲἵέἕεάεῗῐῐέῗι
706 2548 922 2620 religionis.

363 2673 379 2697 ⁶
406 2637 495 2712 152·ss-
524 2676 627 2724 quod
650 2675 827 2712 omitted.

362 2725 377 2750 ⁷
407 2727 622 2764 Interlined
640 2728 766 2764 above
781 2732 912 2776 preter
927 2725 1140 2764 cancelled.

365 2818 376 2840 ¹
407 2817 483 2855 For
512 2818 687 2855 charters
716 2830 781 2855 see
804 2818 1035 2856 Monasticon
1054 2825 1100 2854 VI
1123 2817 1190 2864 (1),
1210 2816 1341 2863 463-9.
1397 2815 1495 2853 Two
1522 2814 1783 2853 chartularies
1811 2815 1981 2862 remain,
2019 2814 2108 2853 MS.
2139 2815 2305 2862 Cotton,

262 2869 451 2907 Vitellius
472 2869 514 2915 F,
533 2878 643 2915 XVII,
665 2869 742 2906 and
765 2869 917 2918 ssodley
939 2868 1040 2916 MS„
1062 2868 1173 2905 Laud
1195 2875 1239 2914 72
1261 2880 1269 2904 :
1299 2867 1368 2905 the
1397 2867 1542 2904 second
1571 2866 1616 2903 of
1641 2866 1751 2903 these
1782 2866 1906 2915 (prior
1933 2866 2146 2916 Charyte's
2163 2866 2304 2912 rental‚

266 2921 376 2969 1477)
408 2920 440 2957 is
470 2921 626 2970 printed
658 2920 710 2971 by
741 2920 924 2966 Nichols‚
959 2920 1071 2960 Hist.
1102 2919 1407 2963 Leicestershire‚
1439 2929 1452 2957 1
1486 2919 1551 2967 (2),
1579 2930 1673 2967 app.
1698 2919 1854 2967 53-108.
1909 2918 2070 2956 Tanner
2097 2929 2212 2956 notes
2238 2918 2306 2955 the

259 2973 461 3010 existence
491 2971 534 3009 of
561 2986 584 3009 a
615 2985 717 3021 copy
747 2972 789 3009 of
817 2972 885 3009 the
904 2970 1321 3009 foundation-charter
1339 2981 1379 3007 at
1399 2969 1556 3019 Corpus
1576 2968 1728 3008 Christi
1747 2968 1911 3018 college,
1931 2968 2187 3018 Cambridge,
2217 2969 2306 3007 MS.

264 3034 347 3069 111,
366 3037 404 3073 p.
425 3033 499 3070 244
522 3026 602 3071 (see
622 3024 852 3062 Monasticon
872 3031 918 3060 VI
939 3025 1009 3072 (Ι),
1030 3022 1136 3071 463).
1191 3021 1402 3071 Charyte's
1434 3021 1562 3059 rental
1589 3021 1773 3058 contains
1793 3020 2000 3058 abundant
2019 3021 2153 3058 record
2174 3020 2216 3057 of
2240 3020 2308 3058 the

261 3075 508 3124 possessions
536 3074 703 3124 granted
733 3084 775 3112 to
805 3075 872 3112 the
901 3074 1054 3111 secular
1081 3086 1229 3110 canons
1258 3073 1300 3110 of
1326 3072 1387 3111 St.
1411 3070 1867 3123 Mary's-in-the·Castle
1886 3071 1939 3122 by
1970 3071 2133 3116 Robert,
2161 3071 2241 3109 carl
2267 3071 2310 3108 of

264 3126 434 3164 Mellent
452 3126 532 3163 and
566 3126 779 3167 Leicester,
798 3126 838 3163 in
862 3133 970 3171 1107,
990 3125 1070 3162 and
1098 3124 1338 3162 transferred
1369 3125 1420 3173 by
1439 3123 1500 3161 his
1519 3136 1590 3161 son
1623 3122 1775 3160 Robert
1797 3122 1858 3160 ‘le
1879 3122 2034 3167 Bossu:
2053 3122 2198 3160 second
2223 3122 2306 3160 earl

261 3178 302 3214 of
320 3177 535 3224 Leicester,
557 3186 600 3215 to
631 3178 699 3215 the
731 3178 860 3228 abbey
891 3176 1064 3214 founded
1097 3177 1147 3226 by
1178 3175 1262 3213 him
1291 3175 1331 3214 in
1366 3185 1462 3223 1143
1483 3175 1524 3213 in
1554 3175 1710 3212 honour
1728 3173 1770 3211 of
1796 3173 1864 3212 the
1881 3174 2140 3223 Assumption
2170 3173 2212 3211 of
2236 3174 2304 3211 the

260 3229 417 3276 Virgin.
474 3228 550 3265 For
579 3242 600 3265 a
632 3229 807 3266 succinet
839 3228 976 3266 record
1008 3227 1051 3266 of
1077 3227 1144 3265 the
1175 3227 1411 3264 foundation
1432 3239 1496 3264 see
1527 3225 1753 3275 Knighton‚
1772 3225 1834 3263 ed.
1856 3224 2013 3274 Lumby
2041 3223 2174 3273 (Rolls
2201 3225 2306 3272 Ser.)

264 3289 293 3326 1,
323 3280 387 3318 62.

360 3332 376 3356 2
404 3330 534 3369 There
555 3331 587 3368 is
605 3344 658 3369 no
675 3344 777 3381 copy
796 3331 837 3368 of
853 3331 966 3369 these
985 3330 1230 3379 injunctions
1249 3331 1288 3367 in
1309 3328 1492 3367 Sutton’s
1511 3328 1693 3377 register.

363 3381 379 3405 ³
406 3382 483 3420 See
512 3382 731 3421 Visitations
749 3391 778 3428 1,
805 3383 888 3420 161.

362 3433 377 3457 ‘⁸
403 3433 491 3471 The
521 3444 733 3471 statement
761 3433 889 3471 which
909 3433 1076 3480 follows,
1096 3431 1223 3470 added
1251 3431 1366 3469 when
1386 3431 1453 3469 the
1473 3431 1593 3469 abbot
1611 3430 1691 3468 had
1709 3430 1868 3468 refused
1886 3429 1982 3467 with
2001 3438 2237 3478 contumacy
2262 3435 2305 3465 to

259 3495 361 3522 meet
380 3485 447 3522 the
468 3485 643 3534 bishop’s
662 3485 964 3533 requirements.
983 3484 1166 3535 explains
1184 3483 1252 3521 the
1272 3484 1440 3521 absence
1458 3482 1500 3520 of
1516 3483 1584 3521 the
1603 3481 1794 3520 evidence
1811 3482 1870 3519 for
1887 3481 2016 3519 which
2033 3481 2099 3518 the
2117 3481 2306 3528 registrar

259 3537 337 3573 had
357 3536 473 3573 made
494 3537 745 3585 preparation
767 3537 805 3573 in
826 3537 888 3573 his
909 3535 997 3574 MS.

362 3586 376 3610 ⁶
404 3587 668 3637 Saddyngton
699 3586 999 3636 (Saddington),
1022 3585 1211 3637 Hynkele
1246 3584 1498 3636 (Hinckley)‚
1527 3584 1735 3634 Belgrave,
1764 3583 1843 3622 She
1874 3582 2019 3620 eshede
2046 3581 2305 3631 (Shepshed),

226 3659 228 3662 -
260 3637 571 3688 Wykyngstone
591 3637 830 3687 (Wigston).
851 3639 926 3676 and
946 3639 1059 3688 Asty,
1080 3637 1206 3675 which
1228 3637 1262 3674 is
1293 3636 1486 3686 probably
1504 3636 1671 3685 Anstey,
1689 3647 1753 3672 are
1770 3634 1824 3672 all
1879 3633 2153 3672 eicestershire
2178 3633 2306 3682 place—

261 3702 397 3726 names
451 3690 646 3727 Stantone
666 3702 756 3738 may
774 3690 875 3727 refer
893 3698 934 3726 to
954 3689 1107 3738 Stoney
1126 3688 1309 3732 Stanton,
1329 3701 1421 3725 near
1443 3687 1657 3736 Hinckley.
1702 3685 1893 3735 Whytley
1912 3698 2002 3735 may
2021 3686 2069 3723 be
2085 3682 2303 3722 connected

260 3741 356 3778 with
393 3740 582 3790 Whitley‚
610 3740 853 3781 Warwicks..
884 3753 979 3778 near
1008 3740 1227 3788 Coventry.
1256 3739 1384 3776 which
1415 3739 1499 3775 also
1528 3750 1698 3787 appears
1729 3749 1878 3785 among
1907 3735 1976 3773 the
2006 3748 2141 3773 names
2168 3734 2211 3772 of
2233 3734 2302 3771 the

259 3804 417 3832 canons.
476 3792 625 3842 Gysley
655 3805 824 3844 appears
855 3801 897 3830 to
917 3792 965 3831 be
985 3790 1189 3843 Guiseley,
1209 3790 1368 3838 Yorks.,
1392 3803 1486 3827 near
1515 3788 1637 3843 Otley
1656 3801 1665 3834 ;
1692 3788 1772 3828 and
1791 3786 2027 3827 Wakefelde
2048 3784 2301 3841 (Wakefield)
