2488 4296
290 401 362 454 62
740 388 1229 449 ALNWICK’S
1314 383 1879 444 VISITATIONS

290 555 410 598 tunc
431 550 524 596 fuit
547 548 835 604 monachus,
859 546 997 608 quod
1030 545 1247 591 solueret
1282 543 1451 589 omnia
1486 541 1659 588 debita
1692 555 1790 603 que
1825 543 1945 588 tunc
1981 541 2201 590 debebat
2236 545 2332 605 ipsi

289 614 590 661 monasterio
613 613 664 657 in
689 612 898 656 diuersis
922 608 1097 654 officiis
1120 622 1218 669 que
1240 608 1377 666 prius
1399 606 1681 665 occupauit.
1751 605 1955 651 Fatetur
1978 621 2032 652 se
2055 609 2332 666 prestitisse

286 679 386 724 tale
420 678 750 722 iuramentum
786 677 838 719 vt
874 671 1173 727 articulatur,
1213 675 1262 715 et
1298 669 1436 731 quod
1473 672 1589 727 post
1627 669 1955 714 iuramentum
1997 670 2248 729 prefatum
2281 675 2332 718 et

287 740 679 787 installacionem
703 751 842 782 suam
865 735 1013 780 soluit
1036 734 1206 780 abbati
1231 733 1295 779 de
1321 733 1489 791 Burgo
1513 733 1672 777 sancti
1698 731 1831 778 Petri
1853 733 1951 778 iarn
1976 737 2173 780 mortuo
2195 735 2247 781 xl
2269 750 2323 794 s.‚

287 807 338 850 et
361 804 457 849 hoc
480 803 545 847 de
568 800 765 861 peculio
788 802 839 844 et
862 811 1060 844 camera
1083 798 1198 842 suis.

415 863 685 927 ([C]ontra
707 862 963 923 priorem.)
1012 861 1186 906 Frater
1208 859 1462 921 Johannes
1487 858 1742 904 Dauentre
1766 857 1890 904 dicit
1912 859 2051 921 quod
2073 860 2250 920 religio
2272 862 2325 908 in

288 930 440 976 domo
464 928 732 974 destruitur
755 926 911 986 quasi.

412 988 677 1053 ([Contra]
706 987 1054 1048 suppriorem.)
1092 987 1220 1032 Item
1242 985 1380 1047 quod
1402 985 1731 1031 obseruancie
1753 986 2005 1046 regulares
2028 1001 2131 1034 non
2153 988 2322 1035 obser·

287 1059 477 1113 uantur,
503 1057 552 1100 et
587 1054 792 1098 iuuenes
827 1051 1063 1097 monachi
1098 1063 1191 1110 pro
1226 1050 1370 1095 libito
1407 1048 1692 1094 discurrunt
1719 1063 1820 1111 quo
1842 1050 2090 1096 voluerint
2110 1051 2242 1098 infra
2275 1055 2325 1099 et

287 1123 427 1166 extra
448 1119 734 1177 prioratum,
759 1115 894 1160 nulla
915 1114 1125 1160 licencia
1148 1114 1305 1173 petita
1329 1130 1338 1166 3
1374 1126 1469 1159 nec
1493 1112 1712 1158 reddunt
1734 1113 1946 1160 seruicia
1965 1114 2066 1160 sine
2098 1114 2240 1162 Ιίὸνο1
2271 1118 2326 1163 vt

286 1185 517 1229 tenentur
540 1180 816 1226 secundum
838 1178 1074 1238 regulam.

413 1241 680 1306 ([Contra]
716 1243 927 1302 omnes)
997 1241 1124 1286 Item
1147 1240 1358 1302 quilibet
1380 1238 1658 1285 monachus
1682 1239 1836 1286 habet
1857 1254 1949 1301 per
1972 1255 2025 1288 se
2049 1255 2213 1301 canes,
2237 1256 2328 1303 per

286 1323 411 1370 quos
434 1308 707 1353 elemosina
728 1305 1038 1351 consumitur
1062 1304 1254 1361 domuS‚
1279 1307 1332 1348 vt
1353 1304 1405 1348 in
1429 1302 1724 1362 fragmentis
1746 1318 2044 1351 mensarum.

413 1370 652 1432 ([Contra
674 1368 924 1430 p]riorem
947 1372 999 1413 vt
1022 1368 1207 1428 supra.)
1277 1368 1405 1412 Item
1441 1381 1541 1428 quo
1577 1367 1643 1412 ad
1679 1367 1959 1427 ingressum
1994 1368 2176 1428 prioris
2209 1384 2325 1416 con-

286 1434 461 1482 cordat
497 1434 760 1495 inquisitus
794 1446 909 1478 cum
945 1432 1220 1490 suppriore,
1246 1434 1297 1476 et
1332 1430 1455 1476 dicit
1489 1430 1693 1477 vlterius
1715 1431 1853 1492 quod
1876 1432 2126 1491 obligacio
2149 1433 2243 1479 fuit
2275 1435 2325 1479 in

284 1497 512 1545 custodia
534 1496 700 1542 fratris
727 1495 928 1541 Ricardi
953 1495 1143 1551 Stokes‚
1168 1497 1288 1540 tunc
1311 1494 1600 1553 supprioris,
1626 1509 1758 1540 nunc
1782 1496 1963 1555 prioris
1986 1495 2051 1542 de
2073 1496 2328 1559 Toteneys

284 1563 336 1608 in
360 1562 599 1607 comitatu
624 1560 865 1616 Deuonie‚
891 1559 975 1620 qui
997 1554 1230 1604 liberauit
1252 1558 1388 1603 illam
1411 1558 1781 1617 obligacionem
1804 1559 2038 1618 obligatis
2072 1566 2326 1607 conuentu

285 1626 381 1672 irre
419 1625 578 1670 uisito.

385 1640 678 1751 q([Contra]
708 1686 998 1744 Dauentre.)
1069 1685 1195 1732 Item
1234 1684 1357 1730 dicit
1391 1684 1529 1746 quod
1564 1683 1718 1731 frater
1748 1685 2032 1732 Willelmus
2057 1687 2326 1745 Dauentre,

285 1766 412 1797 nunc
435 1753 733 1797 camerarius
757 1754 806 1795 et
829 1750 1024 1795 duobus
1047 1750 1191 1794 annis
1214 1749 1465 1808 preteritis
1488 1750 1707 1806 sacrista,
1726 1749 1961 1795 alienauit
1985 1750 2109 1797 duas
2131 1751 2329 1811 phiolas

284 1816 477 1875 argenti
514 1815 821 1874 pertinentes
855 1814 997 1859 altari
1034 1814 1180 1859 beate
1216 1812 1375 1858 Marie
1410 1816 1460 1858 et
1492 1827 1642 1858 Vnam
1675 1813 1824 1858 aliam
1857 1814 2071 1860 similem
2103 1815 2328 1874 phiolam

285 1880 619 1939 pertinentem
658 1877 893 1924 sacristie.
977 1877 1180 1922 Fatetur
1220 1876 1632 1935 deperdicionem
1671 1876 1913 1922 fiolarum.
1997 1877 2220 1925 Monitus
2254 1881 2330 1925 est

286 1943 378 1988 sub
422 1957 553 2002 pena
596 1941 1134 1987 excommunicacionis
1178 1940 1315 2001 quod
1359 1941 1586 1985 restituat
1624 1940 1767 1986 altari
1806 1941 1954 1987 beate
2000 1941 2161 1988 Marie
2204 1943 2329 1988 citra

285 2006 468 2052 festum
505 2005 695 2050 Natalis
733 2005 949 2061 Domini,
976 2008 1026 2049 et
1060 2006 1198 2065 quod
1228 2004 1454 2049 restituat
1484 2004 1621 2049 illam
1654 2005 1878 2050 sacristie
1910 2004 1981 2050 illi
2005 2004 2171 2052 officio
2205 2006 2330 2052 citra

286 2070 469 2115 festum
495 2069 686 2114 Natalis
711 2068 915 2114 Domini
939 2068 1031 2113 sub
1055 2082 1186 2127 pena
1209 2068 1763 2114 excommunicacionis.

415 2133 542 2178 Item
575 2131 809 2177 monachi
844 2138 1079 2177 exercent
1101 2133 1336 2177 tabernas
1358 2131 1586 2190 publicas
1609 2131 1711 2177 vini
1735 2134 1786 2178 et
1810 2132 2022 2178 ceruisie
2043 2132 2095 2178 in
2128 2132 2244 2179 villa
2277 2133 2330 2179 in

287 2196 577 2242 scandalum
600 2204 649 2241 et
673 2196 1159 2254 depauperacionem
1184 2195 1375 2240 domus

419 2259 488 2320 [F
491 2274 534 2305 o.
561 2258 664 2319 89.]
737 2259 942 2317 (Contra
977 2260 1231 2318 priorem.)
1301 2259 1430 2304 Item
1463 2258 1586 2305 dicit
1616 2258 1753 2320 quod
1789 2259 2023 2306 mulieres
2058 2260 2108 2306 in
2145 2273 2329 2320 magno

287 2337 494 2368 numero
518 2325 654 2368 omni
691 2322 773 2367 die
797 2323 1001 2368 veniunt
1023 2323 1089 2368 ad
1123 2322 1366 2368 lauatoria
1387 2323 1439 2367 in
1463 2322 1679 2369 claustro
1702 2323 1755 2368 in
1778 2336 2015 2383 magnum
2037 2324 2330 2370 scandalum

290 2386 480 2432 domus.

415 2450 620 2508 (Contra
642 2447 895 2510 priorem.)
967 2449 1140 2495 Frater
1177 2449 1460 2496 Willelmus
1498 2450 1767 2507 Dauentre,
1792 2450 2012 2508 sacrista,
2037 2450 2161 2497 dicit
2191 2450 2331 2513 quod

286 2513 536 2559 iconomia
558 2516 763 2573 propter
786 2513 1025 2559 inerciam
1048 2514 1229 2572 prioris
1252 2515 1414 2559 tendit
1438 2514 1579 2575 quasi
1602 2513 1669 2559 ad
1692 2514 1943 2560 decasum.

414 2589 621 2648 (Contra
643 2589 896 2648 priorem.)
948 2589 1075 2634 Item
1100 2589 1222 2635 dicit
1245 2589 1383 2651 quod
1407 2593 1684 2635 conuentus
1708 2590 1906 2650 ignorat
1928 2592 2112 2636 statum
2135 2590 2329 2648 domus,

288 2665 348 2697 eo
371 2652 509 2713 quod
547 2653 683 2711 prior
718 2667 971 2714 nunquam
1007 2652 1231 2698 reddidit
1266 2658 1572 2712 compotum,
1597 2654 1716 2700 licet
1752 2654 1817 2699 ad
1854 2653 1953 2700 hoc
1989 2653 2140 2700 fuerit
2162 2656 2331 2714 sepius

287 2716 562 2777 requisitus.
636 2716 837 2761 Fatetur
873 2731 926 2762 se
962 2730 1065 2762 non
1101 2716 1384 2762 reddidisse
1421 2720 1714 2776 compotum
1749 2718 2031 2764 conuentui.
2114 2718 2330 2764 Interro-

285 2784 427 2838 gatus
472 2780 512 2824 si
556 2779 677 2840 quid
722 2780 905 2825 habeat
948 2780 1337 2840 proponendum
1381 2795 1535 2842 quare
1578 2795 1681 2827 non
1727 2781 1937 2827 deberet
1980 2782 2220 2842 suspendi
2265 2781 2331 2827 ab

286 2842 760 2889 administracione.2

415 2918 620 2975 (Contra
658 2920 910 2978 priorem.)
1002 2920 1131 2966 Item
1169 2919 1292 2966 dicit
1331 2919 1470 2982 quod
1508 2921 1646 2980 prior
1685 2920 2164 2967 consuetudinaliter
2196 2920 2332 2967 solus

287 2986 491 3041 vagatur
529 2983 581 3027 in
619 2983 838 3042 grangiis
876 2984 1065 3045 absque
1104 2983 1366 3043 capellano
1411 2984 1490 3030 vel
1533 2984 1702 3045 aliquo
1748 2987 2002 3044 sequente,
2047 2999 2197 3044 super
2229 2998 2332 3046 quo

288 3044 515 3091 homines
570 3046 698 3091 male
753 3047 1081 3105 suspicantur,
1137 3048 1445 3107 procitantes
1500 3048 1665 3107 ipsum
1718 3048 2091 3094 incontinenter
2144 3048 2326 3095 viuere.

288 3108 523 3154 Similiter
545 3109 595 3154 in
619 3110 740 3155 ortis
764 3113 814 3155 et
835 3111 1058 3170 gardinis
1080 3110 1265 3157 fatetur
1288 3111 1724 3170 soliuagacionem.

389 3220 406 3294 ἑ
433 3221 647 3309 ξςιέἑεῐῑίηεά
668 3222 793 3260 above
811 3235 859 3260 ex
878 3223 977 3260 libra
994 3224 1210 3262 caneeued.

387 3359 399 3384 ²
426 3361 530 3404 John
552 3361 737 3410 Depyng‚
755 3363 876 3400 abbot
896 3363 939 3400 of
966 3363 1267 3414 Peterborough
1299 3371 1636 3413 1409-10—1437.
1710 3364 1775 3403 He
1803 3364 1992 3415 resigned
2019 3364 2060 3403 in
2093 3371 2203 3414 1437.
2256 3364 2333 3403 See

298 3412 531 3458 Visitattons,
554 3422 582 3457 1,
607 3423 692 3450 101.

388 3462 404 3486 ²
430 3463 505 3501 See
524 3472 616 3500 note
642 3473 655 3499 1
680 3476 729 3500 on
750 3477 788 3514 p.
811 3464 857 3508 36
878 3465 1015 3503 above.

385 3514 401 3538 ⁸
429 3514 515 3551 The
533 3515 730 3564 sub-prior
759 3528 836 3552 was
863 3517 929 3553 the
956 3517 1062 3554 chief
1086 3517 1342 3568 disciplinary
1370 3518 1502 3556 officer
1529 3518 1570 3556 in
1598 3518 1666 3555 the
1694 3517 1854 3556 cloister
1881 3518 1924 3556 of
1948 3532 1967 3556 a
1996 3520 2141 3570 priory‚
2161 3518 2240 3556 like
2266 3517 2334 3556 the

280 3567 393 3615 prior
409 3567 630 3603 claustralis
650 3566 688 3602 in
709 3579 756 3601 an
778 3567 915 3615 abbey.

387 3617 403 3641 ⁴
430 3617 492 3654 Cf.
533 3617 759 3663 Visz'tations,
791 3628 817 3659 1,
851 3625 910 3664 50,
942 3619 1068 3655 where
1099 3620 1165 3656 the
1196 3620 1326 3658 duties
1356 3620 1398 3658 of
1429 3621 1496 3658 the
1525 3632 1671 3659 master
1700 3621 1742 3658 of
1765 3621 1834 3659 the
1867 3622 2025 3659 novices
2053 3630 2094 3659 at
2130 3621 2334 3672 Eynsham

285 3667 441 3706 include
459 3668 626 3715 hearing
644 3668 752 3704 them
772 3681 906 3718 repeat
926 3671 1029 3706 t'neir
1048 3670 1230 3709 historiae
1249 3683 1258 3718 ;
1287 3672 1364 3708 and
1383 3685 1449 3709 see
1469 3673 1574 3720 ibid„
1595 3683 1623 3719 1,
1642 3672 1729 3720 236,
1750 3683 1842 3710 note
1861 3685 1911 3710 on
1933 3673 2082 3711 Lectio.

385 3718 400 3741 ⁵
429 3718 582 3756 Totnes
600 3719 747 3767 priory,
765 3720 978 3769 originally
997 3733 1019 3757 a
1037 3721 1111 3758 cell
1139 3723 1180 3759 of
1205 3723 1272 3760 the
1303 3722 1562 3762 Benedictine
1590 3724 1718 3772 abbey
1746 3724 1787 3761 oi
1814 3723 2074 3773 Saint-Serge
2099 3732 2140 3761 at
2167 3724 2337 3773 Angers,

284 3769 496 3807 continued
523 3770 573 3806 its
599 3769 799 3808 existence
827 3784 869 3807 as
897 3783 919 3806 a
946 3772 1111 3809 denizen
1138 3773 1263 3810 house
1291 3774 1392 3811 after
1418 3774 1486 3812 the
1513 3776 1761 3825 resumption
1790 3775 1831 3812 of
1855 3774 1924 3814 the
1950 3786 2138 3826 property
2164 3775 2207 3813 of
2230 3774 2334 3813 alien

286 3821 431 3859 houses
450 3821 501 3871 by
521 3820 587 3858 the
608 3820 765 3859 Crown.
839 3821 1014 3859 Richard
1042 3821 1166 3861 stoke
1185 3837 1228 3861 or
1248 3824 1392 3862 Stokes
1412 3838 1490 3863 was
1517 3826 1624 3877 prior
1642 3825 1685 3862 of
1709 3825 1862 3863 Totnes
1886 3830 2048 3874 1439-58
2069 3828 2334 3874 (Monasticon,

2468 676 2488 783 i

2471 603 2488 676 j
