2488 4296
266 336 339 410 87
730 331 1214 391 ALNWICK’S
1297 331 1860 392 VISITATIONS

268 496 342 540 est
378 491 652 540 verisimili1
685 493 738 536 vt
771 490 1070 547 addiscant;
1106 493 1157 536 et
1190 505 1304 536 cum
1334 492 1500 562 primo
1524 491 1870 550 ingrederetur
1893 492 2178 551 piioratum‚
2205 506 2306 538 non

264 558 450 617 reperit
474 556 662 602 ibidem
688 555 780 600 nisi
805 569 956 600 vnum
981 553 1142 600 solum
1164 554 1463 600 canonicum
1487 569 1659 601 senem
1682 554 1842 601 valde.
1931 555 1998 601 Et
2021 555 2144 601 dicit
2167 555 2305 618 quod

263 634 438 667 omnes
473 620 614 682 quasi
651 617 809 664 dediti
850 621 964 663 sunt
1001 617 1484 664 commesacionibus
1520 621 1570 664 et
1603 618 1953 678 potacionibus
1986 619 2037 664 in
2072 632 2307 678 magnum

266 684 444 730 domus
468 682 803 742 dispendium

395 747 521 793 Item
567 745 690 791 dicit
734 744 872 806 quod
916 745 1079 791 iunior
1123 746 1346 791 omnium
1400 745 1757 792 canonicorum
1801 747 1877 790 est
1929 745 2307 806 quodammodo

265 810 465 857 rebellis
498 808 667 869 prior.²

394 874 518 919 Item
556 872 678 918 dicit
711 871 848 933 quod
883 886 984 917 non
1018 872 1283 918 intendunt
1316 872 1545 932 religioni
1580 885 1673 917 nec
1706 870 2015 930 regularibus
2037 873 2306 919 obseruan-

265 938 389 995 ciis;
441 945 491 983 et
530 936 789 996 potissime
827 935 1008 991 Yorke,
1050 950 1163 981 cum
1204 936 1267 981 sit
1306 937 1447 997 quasi
1486 935 1654 991 laicus,
1698 938 1773 981 est
1812 934 2022 980 multum
2067 935 2224 982 elatus
2257 939 2308 982 et

267 1000 523 1060 superbus

394 1065 520 1110 Item
558 1077 671 1109 cum
707 1061 886 1108 domus
920 1064 1149 1108 teneatur
1185 1062 1424 1108 exhibere
1459 1076 1611 1107 vnum
1648 1062 1945 1108 canonicum
1969 1062 2307 1109 celebrantem

265 1128 483 1189 quinque
519 1126 627 1172 dies
660 1126 797 1172 omni
831 1126 1111 1185 septimana
1144 1127 1194 1171 in
1230 1125 1422 1185 capella
1458 1125 1523 1171 de
1550 1124 1763 1185 Ketelby
1788 1125 1991 1171 distanti
2014 1141 2044 1172 a
2068 1125 2220 1172 domo
2253 1127 2304 1187 iij

266 1191 486 1244 miliaria
514 1193 562 1236 et
596 1190 692 1235 iam
729 1204 829 1234 non
865 1191 963 1234 sint
997 1189 1089 1234 nisi
1125 1189 1158 1249 ij
1196 1203 1341 1235 senes
1375 1189 1668 1260 presbyteri·
1679 1189 1908 1235 canonici
1933 1193 1982 1235 et
2006 1190 2147 1251 quasi
2181 1190 2303 1246 ceci,

265 1255 390 1314 petit
427 1254 589 1299 dictus
624 1253 760 1312 prior
793 1268 822 1298 a
857 1252 1063 1298 domino
1098 1253 1339 1312 episcopo
1376 1252 1594 1310 graciam
1631 1252 1704 1298 sic
1744 1252 2006 1299 moderare
2044 1254 2308 1312 negocium

266 1317 550 1363 huiusmodi
574 1331 688 1362 cum
712 1316 918 1362 domino
941 1316 1198 1362 Willelmo
1222 1315 1449 1369 Tirwhit‚
1470 1318 1521 1361 vt
1539 1316 1809 1362 canonicus
1833 1315 2118 1362 huiusmodi
2137 1320 2308 1376 posset

265 1381 519 1427 celebrare
558 1381 608 1426 in
649 1380 873 1440 prioratu
910 1394 1003 1439 pro
1047 1379 1308 1426 animabus
1352 1379 1447 1424 illis
1492 1393 1584 1438 pro
1625 1379 1805 1441 quibus
1844 1380 1894 1425 in
1935 1380 2071 1426 dicta
2116 1381 2308 1440 capella

266 1445 556 1491 celebraret

394 1508 520 1553 Item
556 1507 678 1553 dicit
712 1507 848 1570 quod
883 1507 1076 1566 capella
1110 1507 1174 1552 de
1199 1506 1386 1567 Oselby
1409 1505 1539 1552 infra
1562 1506 1853 1565 parochiam
1877 1506 1942 1553 de
1978 1507 2226 1568 Kyrkeby,
2253 1510 2302 1554 et

264 1574 340 1618 est
374 1571 591 1631 parcella
624 1571 836 1617 ecclesie
871 1571 934 1616 de
972 1570 1220 1631 Kyrkeby‚
1243 1573 1528 1642 ‘occupatur
1561 1585 1651 1629 per
1685 1570 1938 1631 quendam
1971 1571 2055 1633 qui
2090 1571 2305 1630 percipit

265 1649 439 1681 omnes
479 1635 699 1681 decimas
739 1637 788 1680 et
827 1634 1116 1680 oblaciones
1160 1634 1315 1693 ipsius
1359 1633 1551 1693 capelle
1596 1634 1647 1679 in
1692 1647 1928 1694 magnum
1972 1634 2304 1694 preiudicium

265 1699 419 1759 ipsius
443 1699 655 1744 ecclesie
678 1700 728 1744 et
751 1698 920 1758 vicarij
947 1698 1137 1744 ibidem
1161 1712 1220 1743 ac
1243 1698 1504 1757 prioratus.

395 1763 522 1808 Item
559 1762 681 1808 dicit
717 1761 854 1824 quod
894 1761 1142 1808 Robertus
1175 1761 1315 1807 York
1348 1764 1423 1807 est
1457 1760 1666 1806 multum
1699 1761 1920 1807 insolens
1953 1764 2004 1808 et
2037 1775 2305 1808 excurrens

265 1828 403 1873 extra
427 1826 699 1886 prioratum
721 1825 910 1887 absque
933 1824 1154 1871 licencia.

396 1890 569 1935 Frater
601 1888 885 1935 Willelmus
922 1889 1070 1935 Hede
1104 1888 1226 1934 dicit
1249 1888 1385 1950 quod
1419 1888 1573 1934 ceteri
1597 1890 1698 1934 tres
1721 1888 1951 1935 canonici
1975 1887 2305 1948 optant—laute

267 1956 317 1999 et
341 1953 553 1999 delicate
576 1954 778 2009 viuere,
769 1970 778 1979 ·
815 1956 865 1998 et
887 1952 1005 1998 licet
1028 1952 1099 1998 eis
1123 1952 1428 1998 ministretur
1463 1954 1808 2011 competenter
1841 1952 2117 1998 secundum
2151 1951 2303 1997 facul-

265 2019 393 2063 tates
433 2016 624 2069 domus,
663 1990 861 2088 sem’per
896 2018 1204 2061 murmurant
1242 2016 1336 2061 nisi
1371 2017 1442 2061 eis
1477 2014 1752 2062 secundum
1786 2030 1959 2062 eorum
2000 2015 2305 2062 desiderium

266 2080 584 2133 ministretur
610 2082 660 2126 et
693 2081 743 2125 in
777 2078 964 2126 nichilo
998 2082 1221 2139 pr‚0sunt
1258 2094 1370 2125 cum
1405 2094 1506 2126 non
1541 2079 1638 2124 sint
1671 2079 1899 2126 instructi
1931 2080 1983 2125 in
2006 2079 2177 2138 regula
2211 2093 2304 2159 nec

266 2142 473 2205 instru[i
507 2141 724 2204 volunt].
729 2143 746 2166 ³

396 2207 522 2253 Item
546 2206 670 2254 dicit
692 2205 829 2269 quod
852 2206 1021 2252 Yorke
1045 2205 1108 2252 de
1132 2205 1266 2252 facili
1290 2206 1577 2263 inebriatur,
1603 2208 1653 2253 et
1676 2209 1795 2252 tunc
1819 2209 1894 2252 est
1916 2206 2045 2254 adeo
2070 2206 2301 2266 brigosus
2361 2257 2366 2262 ,

266 2272 314 2317 et
339 2271 614 2317 contrarius
638 2270 774 2332 quod
797 2269 1047 2316 tediosum
1070 2272 1146 2316 est
1169 2270 1401 2316 omnibus
1424 2285 1538 2316 cum
1561 2285 1621 2316 eo
1644 2271 1826 2316 viuere.

395 2334 568 2380 Frater
600 2334 853 2395 Johannes
886 2333 1132 2394 Appelby‚
1168 2334 1519 2393 sexagenarius
1553 2337 1603 2380 et
1635 2334 1862 2394 amplius,
1903 2337 1955 2379 vt
1989 2333 2125 2389 dicit
2151 2331 2306 2396 quod⁴

265 2398 433 2443 omnia
466 2398 609 2444 bene.

396 2461 568 2507 Frater
595 2460 842 2507 Robertus
875 2461 1059 2516 Yorke,
1085 2460 1275 2506 dudum
1299 2460 1556 2515 heremita,
1583 2476 1716 2507 nunc
1738 2460 1995 2521 professus
2019 2461 2303 2516 canonicus,

265 2524 425 2571 solum
470 2525 662 2571 habens
706 2525 918 2584 primam
963 2526 1234 2578 tonsuram,
1281 2539 1381 2570 non
1427 2524 1710 2584 intelligens
1753 2539 1851 2586 que
1895 2525 2029 2584 legit,
2077 2527 2128 2571 vt
2183 2524 2306 2570 dicit

266 2589 490 2648 ipsemet.

395 2652 568 2698 Frater
606 2651 829 2698 Thomas
870 2652 1090 2698 Bartone
1129 2651 1252 2698 dicit
1290 2651 1427 2714 quod
1465 2653 1687 2698 intencio
1726 2666 1814 2697 sua
1854 2651 1947 2697 fuit
1985 2652 2036 2698 in
2081 2653 2307 2711 ingressu

266 2715 520 2775 religionis
542 2718 594 2761 vt
617 2715 884 2776 proficeret
906 2716 957 2761 in
975 2715 1229 2761 literatura
1247 2718 1296 2762 et
1320 2716 1574 2775 religione,
1595 2719 1644 2762 et
1668 2715 1763 2762 hec
1787 2716 1880 2761 sibi
1904 2716 2040 2776 prior
2059 2715 2307 2776 promisit;

267 2784 316 2824 et
353 2783 519 2825 tamen
556 2780 606 2825 in
642 2779 778 2825 nullo
811 2779 990 2825 horum
1022 2779 1253 2839 profecz't,⁵
1277 2794 1389 2825 cum
1414 2793 1515 2825 non
1539 2780 1603 2825 sit
1626 2780 1695 2825 ibi
1720 2780 1804 2841 qui
1830 2794 1943 2825 eum
1966 2779 2218 2835 informet,
2255 2782 2307 2825 et·

266 2842 382 2888 ideo
409 2857 507 2888 non
532 2846 607 2888 est
630 2844 912 2889 instructus.
984 2843 1113 2889 Petit
1135 2846 1187 2888 vt
1211 2844 1369 2902 possit
1393 2842 1664 2889 informari.

393 2906 583 2966 Quibus
608 2908 914 2961 examinatis,
941 2907 1172 2952 dominus
1240 2943 1248 2952 .
1309 2944 1318 2953 .
1376 2906 1407 2952 ,⁶
1439 2906 1737 2952 iudicialiter
1759 2906 1809 2952 in
1834 2906 2120 2952 huiusmodi
2143 2905 2307 2950 visita-

267 2969 425 3015 cionis
461 2984 548 3016 sue
582 2971 793 3029 negocio
828 2970 976 3016 dictis
1010 2985 1143 3016 anno
1175 2973 1226 3016 et
1258 2970 1372 3016 loco
1406 2984 1498 3029 pro
1535 2969 1770 3015 tribunali
1811 2969 2051 3026 sedebat;
2087 2972 2136 3015 et
2175 2983 2307 3014 com-

266 3037 535 3092 paruerunt
559 3048 727 3079 coram
751 3048 812 3079 eo
837 3033 959 3079 dicti
983 3034 1224 3080 canonici.
1264 3033 1331 3078 Et
1354 3033 1540 3079 deinde
1564 3033 1796 3079 dominus
1819 3033 2092 3092 publicauit
2110 3032 2310 3078 detecta

267 3099 317 3143 et
339 3100 598 3156 comperta
621 3098 671 3143 in
695 3098 1023 3159 inquisicione
1047 3097 1346 3154 huiusmodi,
1371 3099 1421 3143 et
1445 3097 1629 3143 deinde
1653 3097 1844 3142 monuit
1867 3110 2052 3143 omnes,

369 3296 382 3319 ¹
410 3297 492 3333 Sic.

369 3346 386 3371 ²
413 3347 499 3384 Sic:
531 3345 590 3383 for
609 3346 752 3395 priori.

366 3398 382 3422 ⁸
411 3398 500 3436 End
528 3397 570 3435 of
595 3407 782 3434 sentence
812 3395 928 3434 much
957 3395 1210 3435 obliterated.

368 3450 384 3473 ⁴
412 3449 501 3488 Sic:
531 3462 554 3486 a
581 3447 725 3485 second
753 3447 845 3484 dicit
870 3447 1053 3486 omitted.

365 3501 380 3524 ⁵
410 3498 630 3538 Interlined
658 3499 784 3536 above
805 3501 985 3548 processit
1009 3498 1223 3536 cancelled.

368 3553 384 3576 ⁶
411 3552 445 3590 A
477 3551 569 3589 hole
598 3550 638 3587 in
668 3549 735 3587 the
767 3549 884 3588 MS:
914 3549 981 3588 the
1011 3550 1181 3588 remains
1210 3550 1252 3588 of
1278 3550 1345 3588 the
1374 3548 1482 3587 word
1502 3549 1594 3587 thus
1614 3547 1850 3586 obliterated
1870 3558 2036 3597 suggest
2064 3547 2150 3586 that
2177 3548 2209 3586 it
2235 3561 2312 3586 was

260 3606 449 3655 prefiztus,
469 3604 539 3641 but
559 3611 628 3639 not
647 3601 853 3649 certainly.

367 3675 380 3698 1
408 3673 508 3711 This
535 3671 655 3710 refers
683 3680 725 3708 to
743 3671 810 3708 the
828 3671 906 3708 fact
926 3671 1011 3709 that
1030 3671 1079 3709 he
1098 3671 1176 3709 had
1194 3671 1376 3710 received
1395 3670 1490 3720 only
1509 3669 1576 3708 the
1595 3669 1678 3708 first
1698 3679 1872 3708 tonsure.
1951 3669 2148 3721 Probably
2167 3669 2216 3708 he
2235 3669 2313 3707 had

266 3727 360 3777 ‘³¹¹¹‘
367 3723 674 3826 {2123233122‘535
679 3722 1120 3825 32³3.51³b;¹¹5.⁶36¹5³;55ss;‘
1137 3723 1384 3823 323525‘332
1394 3722 1480 3812 5:23
1499 3720 2019 3824 2?²3{{‘2f²y¹‡5.¹i2‘1’3⁵52m11y
