2476 4412
338 479 418 538 15
790 453 1274 515 ALNWICK'S
1356 449 1921 509 VISITATIONS

464 616 591 662 Item
627 614 749 660 dicit
784 612 920 675 quod
956 612 1031 657 est
1067 622 1247 668 magna
1284 608 1464 654 diuisio
1500 608 1551 653 et
1587 606 1768 652 scisma
1802 607 1927 652 inter
1948 607 2090 669 quasi
2113 621 2290 655 omnes
2312 607 2378 656 de

336 681 586 726 conuentu
640 677 784 723 simul
839 673 1189 721 confederatos
1234 674 1283 718 et
1327 670 1612 717 adinuicem
1656 672 1833 716 contra
1876 669 2083 717 fratrem
2126 671 2378 718 Thomam
2440 711 2448 722 .

343 743 560 789 Bartone
583 741 939 799 conspirantes,

463 802 654 864 (York.)
723 803 848 848 Item
873 801 995 846 dicit
1018 798 1154 861 quod
1177 795 1374 843 fratres1
1405 796 1689 843 Willelmus
1722 796 1863 842 York
1896 798 2192 856 prouocauit
2223 813 2376 860 quen-

334 869 450 914 dam
484 868 781 913 seruientem
814 864 1010 910 abbatis
1043 862 1108 908 ad
1143 860 1444 916 conflictum,
1478 860 1652 906 dicens
1705 859 1859 905 ‘Veni
1892 859 2028 906 foras
2061 861 2275 920 portas'‚
2327 865 2378 909 et

335 931 538 978 tandem
568 930 736 989 [venit]
764 927 829 973 ad
852 928 1099 982 abbatem,
1120 926 1465 984 improperans
1483 923 1649 969 eidem
1667 922 1805 985 quod
1820 924 2058 970 animauit
2076 925 2377 973 seruientem

336 1009 477 1040 suurn
501 993 565 1039 ad
589 1008 700 1038 eum
723 990 1116 1045 verberandum3
1142 991 1191 1034 et
1215 1002 1329 1034 cum
1351 987 1508 1032 abbas
1533 986 1795 1032 mandaret
1819 987 1864 1032 ei
1883 989 1936 1032 vt
1958 988 2052 1034 iret
2074 987 2140 1034 ad
2163 988 2211 1035 16
2236 1022 2246 1035 .
2274 1023 2284 1034 .
2311 1025 2322 1037 .
2349 988 2380 1036 .²

336 1057 471 1120 quod
496 1056 651 1102 noluit
674 1054 881 1101 obedire
903 1053 988 1098 tali
1012 1053 1096 1114 qui
1120 1053 1283 1111 ipsum
1306 1050 1663 1109 subpeditaret.

465 1120 590 1165 Item
625 1118 747 1164 dicit
779 1116 915 1178 quod
948 1117 1118 1175 pistor,
1143 1114 1471 1174 pandoxator,
1495 1113 1692 1174 janitor,
1717 1113 1860 1160 faber
1893 1115 1944 1160 et
1977 1115 2244 1161 vstrinator
2266 1130 2376 1176 per-

336 1184 524 1242 cipiunt
558 1180 822 1240 singularia
856 1178 1086 1226 corrodia
1108 1180 1159 1224 in
1183 1191 1363 1237 magna
1392 1178 1669 1239 quantitate
1698 1175 1800 1239 [et]
1829 1178 1970 1240 quasi
1993 1178 2219 1240 quotidie
2242 1193 2376 1241 com-

335 1245 541 1292 medunt
565 1245 646 1290 de⁸
669 1244 792 1289 cibis
815 1243 1026 1289 abbatis.
1081 1288 1088 1293 ,

466 1309 592 1354 Item
616 1307 738 1353 dicit
760 1306 897 1367 quod
920 1308 1107 1351 stantes
1130 1305 1180 1350 in
1205 1303 1473 1350 refectorio
1497 1302 1685 1350 habent
1719 1303 1988 1364 singularia
2020 1304 2209 1352 fercula
2243 1308 2293 1353 et
2325 1307 2377 1353 in

334 1371 601 1417 infirmaria
624 1371 727 1415 bini
759 1373 808 1416 et
842 1370 945 1414 bini
980 1367 1316 1424 commedunt‚
1343 1370 1393 1413 et
1426 1367 1651 1428 quolibet
1685 1367 1786 1414 die⁴
1818 1369 1868 1414 in
1902 1368 2171 1415 refectorio
2204 1370 2377 1416 volunt

335 1435 520 1481 habere
543 1434 607 1480 ad
631 1435 792 1478 minus
814 1433 909 1477 tria
931 1446 1115 1491 genera
1138 1431 1365 1491 piscium.

464 1498 590 1543 Item
615 1496 735 1542 dicit
759 1496 894 1557 quod
919 1495 1149 1541 mulieres
1173 1495 1361 1540 habent
1385 1495 1593 1540 nimium
1616 1506 1874 1540 accessum
1897 1497 1947 1541 et
1976 1495 2292 1557 frequentem
2325 1498 2377 1543 in

333 1561 443 1607 loca
479 1560 757 1606 claustralia
793 1562 842 1605 et
879 1559 1136 1618 potissime
1172 1559 1222 1604 in
1259 1557 1595 1612 infirmariam,
1633 1557 1749 1619 v[bi
1796 1558 1936 1620 sunt]
1986 1561 2374 1618 comesacione8‚

334 1625 624 1684 potaciones
647 1638 706 1669 ac
729 1622 1169 1669 confabulaciones
1191 1622 1321 1667 inter
1344 1621 1621 1667 monachos
1644 1624 1694 1667 et
1727 1622 1862 1681 ipsas
1896 1622 2128 1668 mulieres
2151 1623 2217 1669 ad
2241 1637 2375 1683 mag-

334 1703 452 1733 num
477 1686 794 1746 dispendium
818 1688 867 1732 et
891 1685 1180 1732 scandalum
1217 1684 1572 1746 [monasterij.]

463 1751 588 1797 Item
633 1749 755 1795 dicit
798 1750 934 1811 quod
978 1751 1029 1795 in
1073 1749 1285 1795 ecclesia
1329 1748 1647 1795 conuentuali
1691 1750 1920 1808 tempore
1964 1748 2122 1796 diuini
2177 1751 2373 1812 seruicij

335 1814 566 1859 monachi
597 1814 736 1875 quasi
760 1828 821 1859 ex
844 1812 1203 1859 consuetudine
1227 1812 1611 1858 confabulantur
1633 1826 1748 1859 cum
1771 1812 2094 1874 mulieri[bus
2129 1850 2139 1861 .
2177 1849 2187 1862 .
2223 1812 2264 1876 .]
2292 1829 2376 1861 mo

335 1876 500 1933 modo,
526 1891 614 1936 per
636 1876 773 1938 quod
796 1877 1149 1922 monasterium
1172 1876 1380 1921 multum
1405 1875 1705 1922 diffamatur.

462 1941 587 1986 Item
625 1939 746 1986 dicit
781 1940 917 2001 quod
953 1940 1162 2001 quilibet
1200 1939 1477 1986 monachus
1512 1940 1727 2000 percipit
1770 1941 2028 1987 annuatim
2072 1941 2123 1987 in
2165 1940 2377 1988 diuersis

331 2003 560 2063 parcellis
583 2003 647 2049 ad
669 2006 919 2050 vesturam
941 2004 1025 2050 xl&

465 2117 581 2179 [Fo.
616 2117 751 2178 33d.]
847 2118 1020 2164 Frater
1062 2118 1346 2165 Willelmus
1393 2118 1597 2179 Burghe
1642 2119 1875 2180 supprior
1909 2119 2220 2166 examinatus
2254 2119 2379 2167 dicit

333 2181 470 2243 quod
502 2181 783 2242 aliquando,
810 2196 923 2228 cum
956 2182 1119 2242 pisces
1153 2181 1326 2229 haberi
1361 2197 1463 2229 non
1497 2182 1720 2243 possunt,
1747 2182 1908 2229 nullus
1932 2191 2197 2230 conseruat
2219 2183 2376 2231 refec-

334 2246 530 2291 torium.

462 2307 756 2367 (Nouicios)
825 2308 952 2354 Item
984 2309 1106 2356 dicit
1137 2309 1273 2371 quod
1305 2309 1500 2356 fratres⁵
1530 2309 1784 2372 Johannes
1822 2310 2090 2368 Howtone,
2123 2310 2378 2372 Johannes

334 2371 545 2417 Sallowe
580 2375 630 2418 et
665 2371 947 2418 Willelmus
981 2373 1225 2433 Bekeryng
1257 2375 1500 2420 steterunt
1535 2373 1748 2433 professi
1793 2388 1884 2434 per
1927 2375 2244 2435 septennium
2282 2389 2378 2422 nec

335 2434 454 2480 dum
477 2435 803 2480 reddiderunt
826 2450 919 2482 nec
942 2436 1155 2483 reddere
1178 2437 1364 2494 volunt,
1391 2439 1441 2483 et
1473 2440 1641 2484 tamen
1665 2438 1888 2498 aspirant
1920 2437 1986 2484 ad
2013 2437 2374 2485 sacerdocium.

337 2498 467 2543 Rose
501 2499 754 2544 restitutus
787 2502 862 2544 est
884 2498 949 2544 ad
973 2500 1193 2559 singulos
1216 2503 1356 2547 actus
1379 2501 1690 2561 capitulares,
1717 2502 1877 2548 eciam
1899 2501 1964 2547 ad
1986 2516 2165 2548 vocem
2189 2504 2239 2549 et
2260 2505 2378 2548 vota

334 2561 385 2606 in
409 2561 625 2620 capitulo
648 2564 698 2607 et
725 2562 790 2608 ad
822 2562 1104 2610 libertatem
1127 2565 1402 2624 pristinam.
1471 2565 1736 2611 Ordinauit
1768 2564 1907 2628 quod
1939 2565 1991 2611 in
2024 2564 2293 2612 refectorio
2327 2568 2377 2612 et

332 2624 450 2733 {ligi
473 2625 753 2733 coptentur⁶
775 2640 873 2672 vno
896 2640 1080 2686 genere
1103 2628 1315 2688 piscium
1339 2631 1388 2675 et
1421 2643 1520 2675 vno
1554 2642 1740 2688 genere
1773 2629 1937 2675 carnis
1970 2643 2230 2691 quousque
2264 2629 2374 2676 red-

371 2703 387 2733 1
426 2702 531 2734 erin
557 2723 566 2733 .

460 2802 631 2849 Frater
654 2803 905 2864 Johannes
930 2805 1091 2866 Bracy
1115 2806 1238 2853 dicit
1260 2806 1398 2869 quod
1421 2808 1780 2854 monasterium
1813 2809 1982 2867 potest
2014 2807 2302 2867 expendere
2325 2808 2374 2855 d.
2429 2822 2435 2829 ·

333 2878 536 2921 marcas,
562 2868 611 2911 et
635 2867 755 2912 dicit
778 2867 914 2928 quod
945 2869 1249 2916 indebitatur
1272 2872 1323 2916 in
1347 2885 1435 2917 ccc
1459 2871 1639 2917 marcis
1663 2871 1875 2918 diuersis
1898 2871 2246 2919 creditoribus.

461 2929 587 2974 Item
623 2931 747 2988 petit
782 2934 834 2976 vt
871 2946 984 2977 cum
1019 2932 1152 2979 facte
1186 2934 1371 2980 fuerint
1406 2934 1571 2995 alique
1607 2936 1920 2994 prouisiones
1954 2936 2278 2995 pecuniarum
2313 2950 2375 2981 ex

331 2992 501 3037 mutuo
535 3006 627 3051 pro
663 2992 845 3039 debitis
881 2995 1134 3042 soluendis
1170 2999 1220 3043 et
1250 2998 1360 3044 aliis
1397 2998 1677 3044 commodis
1702 2998 1881 3044 domus
1904 2998 2062 3060 quodl
2085 2998 2373 3044 huiusmodi

332 3054 542 3111 pecunie
566 3059 811 3114 ponantur
833 3059 883 3103 in
902 3073 999 3105 vno
1023 3063 1161 3107 certo
1183 3061 1298 3107 loco
1322 3062 1414 3107 sub
1438 3061 1575 3107 salua
1598 3062 1827 3108 custodia
1844 3065 1896 3108 vt
1919 3062 2124 3122 prodire
2146 3061 2376 3122 possunt1

332 3115 397 3160 ad
420 3118 757 3175 protilitatem⁷
779 3124 1081 3183 monasterij,
1102 3126 1151 3169 et
1169 3124 1306 3185 quod
1331 3124 1568 3171 decetero
1593 3140 1694 3172 non
1718 3128 1968 3186 ponantur
1991 3126 2042 3171 in
2059 3126 2203 3172 Vnius
2225 3140 2376 3172 manu

332 3182 383 3224 vt
406 3180 565 3236 solito,
590 3183 791 3242 quando
815 3185 914 3230 cito
939 3192 1233 3246 consumpte
1258 3191 1411 3234 erant.
1482 3188 1593 3234 Fiat
1618 3189 1854 3236 decetero
1876 3192 1930 3235 vt
1952 3190 2150 3248 petitur.

459 3243 586 3314 Item
612 3245 732 3291 dicit
755 3247 891 3307 quod
915 3249 1126 3295 ecclesia
1149 3252 1492 3297 conuentualis
1521 3255 1596 3298 est
1630 3253 1840 3298 multum
1873 3254 2075 3299 ruinosa
2108 3255 2158 3299 et
2192 3252 2376 3299 chorus

333 3318 471 3365 quasi
507 3322 556 3351 1n
594 3310 819 3366 proxima
854 3325 1039 3368 casura,
1076 3316 1125 3359 et
1160 3315 1258 3360 hoc
1292 3318 1499 3375 propter
1534 3315 1789 3362 defectum
1822 3316 2172 3376 reparacionis.
2245 3316 2375 3362 Petit

436 3415 448 3438 1
520 3419 525 3424 .

433 3464 450 3524 ‘²
475 3418 562 3505 {lle
582 3476 660 3506 rest
679 3469 720 3506 of
743 3470 823 3509 this
842 3473 948 3510 word
969 3473 1000 3512 is
1018 3486 1122 3523 gone
1139 3489 1148 3513 z
1179 3477 1356 3528 possibly
1377 3478 1587 3527 legendum.

435 3516 450 3539 ¹⁵
476 3517 511 3554 A
531 3519 635 3556 word
654 3521 854 3560 cancelled
875 3524 907 3573 (?
923 3525 1055 3575 bonis).

434 3566 449 3590 ⁴
475 3581 498 3604 v
523 3570 739 3608 cancelled.

433 3617 448 3641 ⁵
467 3619 657 3666 Johannes
674 3621 771 3660 Rose
789 3625 1000 3683 cancelled.
1068 3628 1122 3666 As
1141 3642 1309 3678 appears
1327 3631 1427 3669 from
1447 3632 1515 3670 the
1533 3633 1613 3670 end
1632 3633 1674 3670 of
1700 3633 1767 3670 the
1789 3632 2011 3682 paragraph
2031 3633 2110 3670 and
2129 3632 2196 3670 the
2214 3631 2377 3682 general

332 3670 566 3756 ²⁰⁰⁰¹3”39f,
581 3672 648 3758 tfhe
669 3675 938 3725 proceeffings,
959 3677 1066 3716 Rose
1084 3679 1163 3717 had
1183 3681 1278 3719 been
1299 3683 1523 3732 implicated
1542 3691 1582 3720 at
1602 3684 1686 3721 first
1711 3684 1752 3722 in
1772 3685 1853 3722 this
1872 3684 2068 3723 detectum.

504 3734 537 3759 tc
553 3750 560 3758 .
611 3736 653 3759 or
671 3730 938 3764 contententur.

433 3770 448 3794 ⁷
473 3772 539 3810 Sic
557 3786 571 3809 .·
592 3777 804 3822 proficuum
823 3778 901 3815 and
920 3781 1123 3818 utilitatem
1146 3794 1252 3820 seem
1271 3792 1312 3822 to
1333 3785 1379 3823 be
1397 3786 1603 3823 confused.

427 3858 439 3882 ¹
466 3859 535 3900 I.e.
562 3864 719 3903 attends
738 3864 855 3905 frater
873 3868 1086 3922 regularly.
