2488 4296
301 371 417 424 166
755 365 1241 425 ALNWICK·S
1324 367 1885 428 VISITATIONS

299 527 548 573 currendo
571 528 621 571 in
645 525 896 572 cantando
920 525 1146 572 diuinum
1182 528 1458 584 seruicium,
1485 531 1535 574 et
1558 528 1837 588 psalmodia
1859 529 2046 589 absque
2069 530 2253 577 debitis
2286 535 2336 578 et

299 590 579 636 deuocione
604 593 653 635 et
676 589 978 649 pausacione
1001 592 1053 635 vt
1077 605 1240 650 supra.

428 673 600 718 Frater
639 673 888 718 Robertus
928 672 1131 718 Halifax
1167 673 1288 719 dicit
1311 674 1447 735 quod
1471 674 1636 733 plures
1661 675 1724 721 de
1749 679 1999 722 conuentu
2022 680 2072 723 et
2095 679 2235 738 quasi
2270 677 2334 725 de

297 736 657 782 consuetudine
680 736 945 782 absentant
969 751 1022 782 se
1048 751 1078 782 a
1103 736 1260 783 choro
1284 740 1512 796 ternpore
1536 739 1736 784 maioris
1761 740 1922 786 misse

428 819 569 865 Idem
606 819 728 865 dicit
764 819 898 879 quod
934 820 1162 865 canonici
1199 822 1399 865 vtuntur
1434 821 1507 866 les
1544 821 1772 881 claspes
1760 838 1810 867 1n
1835 823 1996 869 ocreis
2027 824 2126 869 suis
2160 826 2335 870 contra

295 885 549 943 antiquam
592 883 1008 929 consuetudinem
1053 883 1231 928 domus
1261 901 1270 939 ;
1291 917 1294 921 A
1329 887 1378 929 et
1421 885 1626 930 iuuenes
1672 886 1899 931 canonici
1944 887 2043 932 iam
2091 887 2155 933 de
2199 902 2333 934 nouo

295 947 483 1005 habent
521 947 712 993 loculos
751 946 1029 1004 aurifregiis
1068 950 1118 992 et
1157 947 1322 993 cerico
1361 951 1564 993 ornatos
1604 947 1951 1008 dependentes
1989 965 2019 995 a
2061 951 2200 996 zonis
2233 953 2334 997 suis

293 1026 448 1072 vsque
483 1010 549 1056 ad
584 1023 759 1070 genua,
797 1011 848 1056 in
886 1010 1138 1070 religionis
1175 1010 1581 1070 denigracionem
1618 1015 1668 1058 et
1694 1011 1893 1058 habitus
1916 1014 2107 1075 antiqui
2130 1014 2332 1060 subuer-

297 1089 503 1120 sionem.

425 1139 598 1184 Frater
625 1137 873 1183 Robertus
899 1137 1134 1197 Kyrkeby
1159 1136 1281 1183 dicit
1303 1137 1440 1198 quod
1464 1138 1631 1184 omnia
1655 1139 1800 1184 bene.

424 1202 598 1248 Frater
625 1200 867 1246 Ricardus
891 1201 1157 1246 Seusterne
1182 1200 1304 1247 dicit
1327 1201 1464 1262 quod
1488 1203 1656 1248 omnia
1679 1203 1821 1248 bene.

423 1266 596 1311 Frater
619 1264 871 1326 Johannes
898 1264 1223 1325 Pakyngtone
1247 1265 1369 1310 dicit
1392 1264 1529 1326 quod
1553 1267 1720 1311 omnia
1743 1266 1886 1312 bene.

423 1330 595 1375 Frater
618 1328 901 1374 Willelmus
927 1328 1194 1388 Ley‘cestre
1219 1327 1341 1374 dicit
1363 1328 1498 1388 quod
1522 1330 1689 1375 omnia
1713 1330 1855 1375 bene.

423 1393 595 1438 Frater
617 1391 840 1437 Thomas
866 1391 1198 1453 Bukmynstre
1222 1391 1344 1438 dicit
1368 1392 1505 1453 quod
1528 1394 1695 1439 omnia
1718 1394 1860 1439 bene.

422 1456 595 1502 Frater
619 1455 902 1501 Willelmus
927 1455 1250 1516 Cusyngtone
1274 1455 1397 1501 dicit
1419 1457 1587 1502 omnia
1611 1457 1754 1503 bene.

422 1520 595 1566 Frater
630 1519 883 1580 Johannes
920 1519 1272 1578 Chippenham
1308 1519 1372 1565 de
1408 1520 1621 1566 seruicio
1657 1521 1829 1567 diuino
1859 1522 2246 1569 transcurrendo
2279 1526 2330 1569 et

290 1585 395 1630 sine
420 1583 806 1643 pausacionibus
830 1583 1013 1628 debitis
1037 1582 1304 1629 decantato
1329 1583 1453 1628 dicit
1476 1587 1527 1628 vt
1551 1598 1713 1643 supra.

1312 1646 1603 1693 canonicus¹
1627 1648 1806 1695 domus
1829 1649 2075 1709 producti,
2096 1664 2186 1709 per
2209 1649 2325 1696 frat-

1312 1725 1418 1756 rem
1460 1711 1736 1757 Henricum
1799 1714 1964 1775 Dalby
2004 1713 2223 1773 priorem
2261 1713 2328 1760 ad

1311 1774 1628 1833 probandum
1645 1777 1842 1823 titulum
1859 1777 2207 1824 incumbencie
2225 1792 2325 1836 sue,

1310 1838 1514 1884 admissi
1539 1841 1589 1884 et
1610 1839 1770 1886 iurati.

421 1679 593 1726 Frater
615 1678 867 1740 Johannes
894 1678 1089 1738 Knyvet

421 1743 593 1789 Frater
615 1742 898 1788 Willelmus
924 1742 1146 1789 Burtone

420 1807 593 1854 Frater
616 1806 869 1868 Johannes
893 1805 1244 1866 Chippenham

421 1922 535 1983 [Fo
561 1922 672 1983 99d.
681 1921 702 1984 ]
767 1923 919 1968 Facta
941 1921 1034 1967 fuit
1057 1936 1271 1994 sequens
1294 1923 1603 1968 examinacio
1627 1924 1828 1970 testium
1852 1924 2212 1984 productorum
2235 1939 2326 1984 per

286 1986 491 2032 fratrem
518 1987 794 2033 Henricum
819 1986 996 2046 Dalby,
1022 1987 1240 2045 priorem
1264 1986 1511 2044 prioratus
1535 1986 1598 2031 de
1625 1987 1860 2049 Kyrkeby
1886 1988 2071 2043 Belers
2093 1988 2323 2034 Lincoln-

287 2051 437 2096 iensis
477 2050 705 2106 diocesis,
747 2051 797 2095 in
838 2050 1052 2117 negocio
1097 2049 1434 2109 probacionis2
1472 2049 1873 2097 confirmacionis
1917 2026 2186 2098 eleccionis
2220 2053 2325 2098 siue

287 2115 649 2160 nominacionis
686 2110 908 2160 eiusdem
946 2113 1112 2159 fratris
1152 2113 1373 2168 Henrici‚
1405 2113 1455 2158 in
1493 2114 1711 2172 priorem
1747 2115 1869 2161 dicti
1904 2115 2002 2161 loci
2038 2115 2186 2161 electi
2219 2116 2325 2162 siue

287 2179 542 2232 nominati,
567 2179 617 2223 in
641 2177 858 2239 quadam
881 2177 980 2223 alta
1003 2191 1200 2222 camera
1223 2176 1352 2222 infra
1375 2177 1522 2222 situm
1547 2177 1667 2223 dicti
1691 2179 1938 2237 prioratus
1960 2180 2152 2236 situata,
2171 2180 2322 2239 xxviij

287 2241 370 2287 die
406 2243 590 2288 mensis
627 2242 943 2294 Nouembris,
968 2255 1100 2286 anno
1141 2241 1344 2286 Domini
1381 2241 1617 2297 mccccxl,
1656 2256 1745 2300 per
1782 2242 2129 2288 honorabilem
2165 2244 2325 2288 virum

285 2307 577 2364 magistrum
612 2305 893 2366 Johannem
931 2305 1160 2364 Depyng,
1185 2304 1237 2349 in
1273 2303 1467 2363 legibus
1502 2304 1834 2361 licenciatum‚
1873 2307 2171 2352 canonicum
2209 2307 2322 2351 Lin-

285 2369 605 2426 colniensem,
631 2368 894 2415 reuerendi
931 2370 982 2414 in
1020 2368 1221 2414 Christo
1246 2368 1401 2427 patris
1425 2371 1474 2413 et
1511 2367 1702 2414 domini
1738 2369 1994 2426 willelmi,
2022 2370 2118 2416 Dei
2157 2370 2325 2429 gracia

287 2433 649 2479 Lincolniensis
672 2433 910 2493 episcopi,
936 2431 1286 2479 cancellarium
1311 2434 1360 2477 et
1383 2432 1791 2490 commissarium,
1817 2436 1911 2480 etc.

413 2518 586 2563 Frater
621 2516 875 2578 Johannes
913 2514 1144 2576 Knyuet,⁸
1179 2516 1449 2561 canonicus
1487 2514 1609 2561 dicti
1649 2516 1897 2575 prioratus
1935 2530 2171 2576 expresse
2209 2531 2320 2576 pro-

283 2581 456 2637 fessus,
493 2582 545 2627 in
581 2580 874 2627 sacerdocio
911 2580 1221 2633 constitutus,
1247 2579 1391 2624 etatis
1426 2578 1512 2638 liiij
1551 2593 1796 2625 annorum
1831 2582 1882 2626 et
1917 2580 2142 2639 amplius,
2167 2580 2324 2626 libere

282 2645 595 2691 condicionis
634 2647 684 2690 et
720 2645 852 2690 bone
889 2643 1035 2698 fame,
1059 2645 1112 2688 vt
1150 2642 1286 2698 dicit,
1312 2643 1453 2688 testis
1488 2641 1749 2699 admissus,
1774 2643 1963 2690 iuratus
1988 2646 2038 2690 et
2060 2643 2327 2704 diligenter

283 2710 591 2754 examinatus
615 2709 655 2754 si
680 2708 797 2768 quid
820 2708 1015 2753 nouerit
1039 2706 1103 2752 de
1126 2705 1516 2752 confirmacione
1545 2706 1812 2752 eleccionis
1835 2708 1941 2754 siue
1965 2708 2328 2753 nominacionis

284 2773 404 2818 dicti
443 2772 608 2818 fratris
648 2772 855 2817 Henrici
880 2772 1060 2830 prioris
1082 2773 1167 2816 aut
1190 2770 1295 2815 eius
1319 2769 1675 2826 installacione‚
1702 2770 1825 2816 dicit
1847 2771 1985 2832 quod
2009 2772 2095 2817 sic.
2166 2771 2323 2817 Inter-

284 2839 485 2895 rogatus
522 2836 586 2882 de
624 2851 772 2882 causa
808 2835 1025 2880 sciencie
1061 2849 1162 2889 sue,
1201 2833 1324 2879 dicit
1359 2833 1496 2895 quod
1533 2834 1583 2878 in
1619 2833 1751 2880 festo
1790 2835 2133 2880 conuersionis
2167 2835 2326 2880 sancti

287 2899 438 2955 Pauli,
479 2914 611 2946 anno
653 2900 856 2945 Domini
896 2898 1224 2957 mccccxviij⁰‚
1266 2911 1472 2956 presens
1511 2896 1605 2942 fuit
1643 2898 1737 2943 iste
1777 2897 2039 2957 deponens
2081 2913 2178 2943 vna
2211 2913 2325 2944 cum

283 2964 592 3009 contestibus
629 2964 729 3008 suis
765 2961 1095 3021 infrascriptis
1132 2963 1182 3007 et
1216 2961 1326 3006 aliis
1349 2960 1573 3020 pluribus
1596 2963 1714 3006 ‘tunc
1738 2961 1803 3007 de
1827 2964 2078 3007 conuentu
2101 2961 2325 3008 eiusdem

284 3028 563 3086 prioratus;
599 3027 682 3072 vbi
706 3029 756 3072 et
778 3025 997 3088 quando*
1020 3025 1145 3071 vidit
1168 3024 1420 3086 quendam
1445 3025 1735 3083 magistrum
1771 3024 2051 3086 Johannem
2076 3025 2324 3071 Newerke

284 3090 406 3136 alias
442 3065 796 3143 Whitelambe,
823 3092 943 3134 tunc
966 3089 1360 3135 commissarium
1397 3087 1659 3134 reuerendi
1695 3089 1851 3147 patris
1874 3089 2064 3134 domini
2091 3088 2322 3148 Philippi,

385 3202 398 3226 ¹
427 3202 504 3240 Sic.

383 3254 399 3277 ²
427 3256 481 3292 ele
508 3253 722 3291 cancelled.

382 3305 398 3329 ³
425 3305 590 3342 Altered
616 3305 715 3342 from
744 3303 979 3352 Knyglztone.

383 3356 398 3380 ⁴
423 3356 578 3394 audiuit
603 3355 818 3393 cancelled.

383 3447 394 3470 ¹
431 3446 739 3484 Transcurrendo
756 3445 879 3483 refers
897 3455 940 3482 to
959 3445 1026 3482 the
1045 3445 1157 3482 habit
1175 3444 1216 3481 οἱ
1235 3443 1456 3493 beginning
1475 3457 1497 3480 a
1516 3456 1627 3480 verse
1647 3455 1696 3480 on
1718 3456 1792 3480 one
1811 3442 1895 3480 side
1913 3445 1956 3481 of
1971 3443 2038 3481 the
2056 3444 2169 3493 quire
2191 3445 2322 3482 before

278 3499 346 3536 the
376 3498 490 3535 other
518 3497 603 3536 side
630 3498 663 3534 is
691 3498 810 3544 done,
828 3509 872 3534 so
890 3496 976 3533 that
995 3496 1061 3534 the
1080 3508 1210 3534 verses
1230 3508 1302 3532 run
1323 3496 1408 3533 into
1425 3507 1500 3532 one
1520 3494 1700 3532 another.
1755 3494 1818 3533 Cf.
1849 3494 1916 3532 the
1947 3507 2016 3533 use
2049 3495 2090 3533 of
2116 3497 2318 3546 sz'ncopare.

291 3550 501 3587 Visitations
520 3560 550 3593 1,
574 3548 658 3585 106.

378 3599 395 3623 2
423 3600 559 3638 Bands
586 3599 628 3637 of
651 3598 899 3648 embroidery
927 3611 969 3635 or
987 3598 1145 3636 twisted
1172 3597 1287 3646 gold
1290 3597 1393 3636 wire.
1459 3596 1506 3634 In
1525 3596 1593 3634 the
1612 3596 1835 3645 injunction
1854 3594 2098 3646 consequent
2117 3609 2224 3647 upon
2245 3597 2322 3636 this

274 3651 453 3689 detectum
473 3651 591 3690 silver
610 3652 697 3687 bars
713 3662 778 3687 are
796 3649 880 3686 also
900 3649 1106 3687 forbidden
1129 3662 1170 3686 as
1189 3662 1236 3686 an
1257 3648 1493 3686 alternative
1512 3658 1733 3688 ornament.

379 3703 395 3726 ³
421 3703 453 3741 Ι.
461 3717 490 3740 e.
515 3716 536 3739 a
554 3701 739 3739 chamber
757 3713 808 3738 on
828 3713 877 3737 an
896 3713 1024 3749 upper
1043 3700 1155 3737 floor.
1197 3699 1383 3749 Nothing
1396 3712 1522 3737 seems
1538 3709 1579 3735 to
1594 3700 1640 3736 be
1656 3699 1798 3737 known
1815 3699 1857 3736 of
1871 3698 1938 3735 the
1953 3699 2084 3747 priory
2097 3699 2315 3748 buildings,

277 3755 405 3792 which
424 3753 616 3803 probably
634 3751 835 3789 consisted
855 3752 896 3788 of
912 3743 978 3788 the
999 3764 1171 3788 mansum
1193 3751 1293 3788 built
1311 3751 1362 3799 by
1384 3750 1518 3799 Roger
1539 3749 1653 3787 Beler
1671 3749 1730 3788 for
1743 3751 1805 3788 his
1818 3750 2001 3798 chantry-
2004 3750 2159 3799 priests.
2201 3751 2314 3796 This,

276 3807 316 3844 in
338 3807 403 3843 the
422 3805 607 3853 ordinary
625 3816 763 3840 course
783 3803 824 3839 of
840 3802 987 3851 things
1007 3802 1138 3839 would
1156 3802 1302 3839 consist
1334 3802 1374 3838 of
1401 3814 1422 3838 a
1442 3813 1563 3850 range
1584 3801 1625 3838 of
1649 3800 1836 3852 lodgings
1856 3813 1949 3839 near
1966 3800 2033 3839 the
2052 3801 2204 3851 chapel,
2221 3802 2315 3840 such
