2476 4412
268 462 354 519 30
729 437 1214 498 ALNwicKs
1299 413 1862 495 VISITATIONS

278 601 394 648 flete
431 602 480 646 et
518 599 650 645 Hole
686 598 1028 658 colloquentes
1064 597 1114 641 in
1151 596 1289 641 domo
1327 594 1600 654 capitulari,
1625 595 1704 640 sed
1731 610 1804 641 eos
1840 610 1935 641 non
1971 595 2201 642 intellexit
2215 612 2234 655 ;
2277 601 2320 643 et

275 664 434 710 statim
476 666 589 722 post
628 662 722 706 hec
761 659 1045 720 Waynflete
1086 661 1135 704 et
1178 658 1445 717 Langtofte
1486 659 1746 716 pecierunt
1784 659 1956 713 lectos,
1998 662 2047 704 et
2086 659 2168 720 alij
2217 660 2318 707 duo

279 728 594 773 accesserunt
617 725 666 769 in
691 723 952 769 ecclesiam
972 725 1020 767 et
1044 722 1239 767 iuerunt
1263 722 1326 767 de
1349 721 1490 766 altari
1515 721 1580 766 ad
1603 721 1757 767 altare
1781 725 1831 767 et
1855 722 2164 781 collegerunt
2186 722 2317 783 frag-

281 793 447 836 menta
470 787 802 841 candelarum,
828 789 878 831 et
911 787 1086 844 postea
1120 785 1287 830 clauso
1313 785 1478 830 hostio
1504 785 1715 830 ecclesie
1740 785 1950 844 ingressi
1975 789 2088 831 sunt
2113 786 2319 833 domum

280 852 500 898 sacristie
533 852 668 896 iuxta
702 849 890 894 dictum
924 850 1105 893 ostium
1132 865 1143 904 ;
1177 851 1239 903 et,
1266 847 1434 893 clauso
1469 847 1555 892 illo
1590 849 1733 905 ostio,
1760 849 1886 894 vidit
1918 850 2014 895 iste
2047 863 2136 908 per
2169 864 2319 896 vnam

280 917 455 961 rimam
474 914 634 959 dictos
657 912 788 957 Hole
807 914 855 958 et
881 911 1120 956 Lincolne
1144 911 1359 970 sigillare
1377 925 1524 956 vnam
1548 911 1714 957 albam
1733 915 1921 957 cartam
1939 913 2045 959 siue
2063 912 2318 959 scedulam

278 991 485 1024 vacuam
508 983 620 1022 cum
645 975 806 1034 sigillo
830 975 1080 1021 communi
1105 974 1169 1019 ad
1194 989 1380 1020 causas.

407 1041 744 1098 Interrogatus
767 1039 968 1096 insuper
993 1037 1057 1082 de
1081 1038 1320 1096 regimine
1354 1037 1564 1093 abbatis,
1591 1036 1714 1082 dicit
1748 1036 1887 1098 quod
1923 1041 2120 1098 reputat
2153 1039 2316 1099 ipsum

279 1105 465 1149 bonum
488 1103 818 1162 presbiterum
842 1116 940 1162 quo
965 1100 1030 1146 ad
1065 1101 1242 1158 Deum,
1269 1100 1358 1146 sed
1392 1103 1561 1146 tamen
1596 1115 1697 1146 non
1731 1104 1807 1146 est
1841 1102 2232 1162 circumspectus
2264 1103 2316 1149 in

276 1166 646 1226 temporalibus,
688 1179 781 1210 nec
825 1164 1200 1224 prosperabitur
1239 1164 1595 1210 monasterium
1633 1163 1725 1209 sub
1762 1165 1868 1210 eius
1904 1166 2159 1224 regimine,
2200 1167 2317 1228 quia

277 1229 510 1275 manerie¹
534 1231 583 1274 et
606 1228 810 1286 grangie
834 1230 883 1273 et
906 1228 1168 1286 presertim
1191 1227 1326 1287 apud
1350 1227 1575 1287 Stepyng
1598 1230 1712 1272 sunt
1734 1228 1953 1274 totaliter
1976 1230 2027 1275 in
2051 1229 2252 1275 decasu.

403 1293 575 1337 Frater
608 1291 830 1336 Thomas
862 1291 1080 1336 Bartone
1103 1291 1289 1335 iuratus
1314 1294 1363 1336 et
1386 1291 1720 1349 interrogatus
1745 1291 1810 1337 de
1834 1292 2144 1351 sigillacione
2167 1307 2317 1353 supra

275 1356 396 1402 dicit
419 1354 555 1416 quod
580 1368 679 1399 non
703 1355 842 1399 nouit
865 1354 958 1398 nisi
983 1353 1142 1398 solum
1168 1353 1232 1399 de
1255 1354 1349 1399 ista
1371 1369 1468 1400 vna
1501 1354 1616 1400 alba
1650 1358 1799 1411 carta,
1825 1370 1923 1416 que
1957 1356 2196 1402 hesterno
2231 1357 2316 1402 die

273 1433 466 1464 summo
490 1432 636 1463 mane
659 1417 869 1476 sigillata
892 1417 985 1462 fuit
1009 1431 1100 1476 pro
1123 1431 1222 1463 vno
1253 1418 1600 1476 procuratorio
1635 1417 1953 1465 conficiendo
1987 1419 2053 1465 ad
2087 1434 2312 1480 compar-

274 1482 457 1528 endum
481 1480 665 1527 coram2
683 1481 888 1526 domino
913 1480 1093 1526 eodem
1117 1480 1212 1538 die,
1231 1481 1416 1542 quam,3
1437 1484 1489 1526 vt
1513 1481 1648 1538 dicit,
1674 1482 1918 1528 Lincolne
1941 1483 2120 1529 detulit
2142 1498 2313 1530 secum

276 1545 586 1592 Lincolniam
609 1543 940 1589 scribendam.
1000 1543 1005 1547 ⁴

401 1609 527 1653 Item
553 1607 675 1653 dicit
697 1607 834 1669 quod
867 1607 1019 1652 frater
1042 1607 1295 1668 johannes
1321 1608 1482 1668 Bracy
1506 1623 1608 1654 non
1632 1611 1708 1654 est
1730 1609 1862 1655 vtilis
1886 1609 1976 1656 sed
2011 1609 2228 1656 infidelis
2261 1609 2312 1656 in

271 1671 585 1718 conficiendo
609 1674 872 1730 compotos
894 1671 945 1715 in
970 1670 1135 1717 officio
1159 1671 1433 1732 coquinarij
1460 1672 1597 1733 quod
1625 1676 1853 1732 occupat,
1880 1675 1928 1719 et
1963 1673 2062 1720 hoc
2085 1675 2313 1733 percepit

270 1736 321 1781 in
345 1735 591 1794 compotis
614 1735 726 1789 suis,
751 1735 861 1793 ipso
888 1735 1048 1795 Bracy
1072 1734 1343 1780 115551511154
1367 1734 1616 1782 dedicere.

399 1799 572 1843 Frater
594 1797 874 1843 Willelmus
901 1798 1182 1857 Langtofte,
1202 1813 1327 1843 Vnus
1351 1799 1616 1845 custodum
1640 1800 1787 1860 sigilli
1811 1802 2103 1855 communis,
2124 1801 2311 1847 iuratus

270 1864 320 1908 et
359 1862 664 1907 examinatus
703 1875 850 1920 super
894 1862 1300 1920 contingentibus
1346 1862 1551 1908 domurn
1594 1863 1716 1909 dicit
1760 1864 1897 1925 quod
1943 1864 2026 1910 die
2072 1864 2307 1925 Mercurij

269 1925 595 1971 incontinenti
641 1928 754 1983 post
798 1925 1064 1970 matutinas
1108 1926 1264 1970 abbas
1309 1926 1443 1971 misit
1488 1927 1679 1972 clauem
1736 1927 1963 1974 custodie
2018 1928 2165 1987 sigilli
2221 1942 2310 1988 per

273 1988 547 2034 Heni-icum
587 1988 826 2033 Lincolne
862 1989 942 2033 isti
983 1988 1253 2047 Langtofte
1293 1993 1342 2035 et
1381 1990 1638 2036 Willelmo
1678 1991 1977 2052 VVaynflete,
2017 1994 2067 2037 et
2106 1993 2178 2037 sic
2217 1993 2311 2038 iste

273 2051 507 2111 Langtoft
529 2052 758 2097 liberauit
783 2051 918 2097 dicto
945 2053 1186 2098 Lincolne
1211 2053 1404 2098 clauem
1439 2068 1592 2109 suam,
1619 2057 1668 2100 et
1702 2056 1772 2100 sic
1807 2054 1943 2100 idem
1982 2055 2224 2102 Lincolne
2259 2058 2310 2101 et

272 2115 403 2160 Hole
438 2115 711 2173 sigillarunt
743 2116 894 2160 talem
928 2115 1183 2161 scedulam
1217 2131 1426 2162 vacuam
1459 2117 1524 2163 ad
1559 2133 1709 2163 vnum
1735 2119 2133 2177 procuratorium
2157 2118 2309 2165 confi-

267 2178 510 2224 ciendum.
583 2179 755 2224 Nescit
787 2182 955 2224 tamen
988 2194 1051 2225 an
1087 2179 1387 2240 Waynflete,
1413 2182 1597 2227 tercius
1631 2185 1799 2228 custos
1833 2182 1980 2241 sigilli
2015 2183 2308 2236 communis,

269 2241 362 2287 fuit
384 2256 589 2300 presens
622 2245 847 2301 tempore
881 2243 1202 2302 sigillacionis
1235 2258 1411 2290 necne.
1504 2245 1639 2291 Dicit
1672 2248 1841 2291 tamen
1875 2245 2012 2306 quod
2049 2245 2183 2292 Hole
2216 2245 2310 2292 fuit

267 2319 485 2364 presens.

394 2368 566 2414 Frater
609 2368 891 2414 Willelmus
936 2370 1188 2431 Croyland
1233 2371 1460 2418 similiter
1505 2372 1691 2418 iuratus
1736 2375 1786 2418 et
1831 2373 2140 2418 examinatus
2185 2372 2310 2420 dicit

266 2431 413 2490 plane
436 2432 571 2493 quod
594 2447 694 2478 non
719 2434 858 2478 nouit
892 2433 956 2479 de
988 2434 1154 2495 aliqua
1187 2434 1273 2480 tali
1308 2435 1631 2495 sigillacione.
1723 2436 1790 2496 Et
1823 2436 1947 2482 dicit
1980 2436 2118 2498 quod
2151 2437 2310 2483 abbas

267 2508 366 2540 non
390 2499 464 2540 est
488 2496 877 2555 circumspectus
900 2497 950 2542 in
973 2498 1346 2556 temporalibus.

394 2558 564 2605 Frater
583 2559 863 2605 Willelmus
880 2560 1180 2621 Waynflete,
1198 2563 1443 2621 supprior,
1458 2563 1644 2608 iuratus
1663 2563 1888 2610 similiter
1907 2566 1957 2609 et
1974 2564 2309 2624 interrogatus

267 2620 388 2666 dicit
410 2622 545 2683 quod
568 2637 774 2682 presens
796 2626 901 2669 erat
924 2625 974 2669 in
997 2628 1211 2671 tractatu
1234 2627 1285 2671 in
1310 2625 1463 2672 domo
1488 2627 1762 2686 capitulari,
1788 2630 1838 2673 et
1862 2627 1984 2673 dicit
2008 2627 2146 2689 quod
2171 2662 2180 2672 .
2208 2663 2216 2672 .
2253 2663 2263 2674 .
2296 2664 2305 2674 .

265 2687 378 2729 sunt
401 2699 574 2731 omnes
596 2689 696 2732 tres
721 2686 885 2732 claues
909 2688 1136 2734 custodie
1171 2689 1331 2748 sigilli,
1357 2689 1592 2736 videlicet
1614 2691 1826 2748 abbatis,
1851 2690 2021 2752 queml
2044 2691 2127 2737 ille
2150 2691 2308 2737 abbas

265 2748 397 2792 misit
420 2762 509 2807 per
534 2749 788 2806 Lincolne,
814 2754 863 2796 et
888 2751 1157 2811 Langtofte
1180 2752 1388 2798 tradidit
1412 2753 1577 2800 eidem
1607 2753 1906 2816 [Lincolne]
1935 2754 2127 2800 clauem
2150 2770 2304 2812 suam,

264 2813 313 2855 et
335 2811 541 2857 tradidit
563 2813 656 2858 iste
679 2813 844 2859 eidem
871 2815 1111 2861 Lincolne
1135 2815 1330 2862 clauem
1353 2832 1493 2862 suam
1513 2834 1526 2874 ;
1559 2820 1610 2863 et
1633 2819 1705 2864 sic
1728 2819 1836 2877 ipse
1867 2821 1918 2864 et
1955 2818 2088 2864 Hole
2123 2818 2304 2878 sigilla-

265 2877 378 2919 runt
399 2890 544 2920 vnam
567 2876 732 2922 albam
756 2880 941 2924 cartam
974 2879 1039 2924 ad
1073 2894 1224 2925 vnum
1258 2882 1659 2939 procuratorium
1692 2881 2078 2938 conficiendum,
2106 2884 2155 2928 et
2189 2882 2306 2944 quia

263 2937 423 2983 nullus
469 2941 574 2984 erat
617 2940 667 2985 in
712 2943 1014 2988 monasterio
1058 2944 1142 3004 qui
1199 2944 1389 2989 sciebat
1444 2945 1664 2991 scribere
1719 2945 2131 3005 procuratorium,
2186 2945 2304 2992 ideo

263 3000 500 3109 ungerunt
523 3002 656 3048 illam
681 3004 935 3051 scedulam
969 3021 1177 3052 vacuam
1206 3007 1278 3052 sic
1312 3007 1578 3067 sigillatam
1611 3024 1767 3071 vsque
1805 3009 2119 3055 Lincolniam
2152 3009 2302 3068 sigill-

263 3077 326 3108 an
365 3078 458 3110 am.

357 3148 377 3198 1
405 3175 478 3213 Sic·
983 3153 1021 3156 ω
1051 3154 1056 3156 ⁷
1105 3154 1168 3157 ff„
1239 3155 1359 3158 ww-.
1410 3156 1425 3158 „.
1791 3158 1824 3161 ”
2163 3155 2302 3160 ’-

363 3227 379 3251 2
404 3227 527 3265 codem
554 3230 767 3267 cancelled.

360 3276 376 3300 ³
404 3277 647 3317 Interlined:
676 3281 774 3329 quod
788 3282 1006 3321 cancelled.

362 3327 378 3350 4
405 3327 573 3367 Written
594 3333 771 3380 nescir[e]
789 3345 797 3368 :
827 3333 893 3371 the
912 3334 1001 3385 r[e]
1022 3337 1226 3375 cancelled
1245 3337 1324 3375 and
1343 3343 1424 3375 ente
1442 3338 1671 3377 interlined.

362 3396 375 3420 1
403 3396 490 3435 The
517 3398 662 3436 church
691 3400 788 3439 door
813 3402 853 3439 in
881 3405 1064 3452 question
1092 3419 1258 3455 appears
1285 3414 1326 3444 to
1355 3408 1402 3445 be
1429 3408 1497 3445 the
1526 3408 1714 3457 ordinary
1732 3408 1893 3446 cloister
1918 3408 2115 3458 doorway‚
2134 3408 2208 3447 viz.
2237 3406 2305 3445 the

260 3457 413 3485 eastern
434 3450 697 3497 processional
717 3452 899 3502 dom-way
918 3455 956 3491 in
978 3456 1044 3493 the
1064 3458 1182 3494 south
1201 3458 1297 3494 aisle
1316 3457 1358 3495 of
1380 3459 1447 3495 the
1467 3471 1579 3497 nave.
1654 3459 1770 3497 From
1797 3460 1865 3497 the
1892 3468 2026 3497 recent
2051 3459 2304 3497 excavations

259 3498 368 3536 there
384 3511 514 3558 ‘seems
533 3511 574 3537 to
594 3501 693 3538 have
713 3503 812 3540 been
841 3517 892 3541 no
919 3507 1150 3554 night-stair
1177 3509 1215 3546 in
1244 3510 1311 3546 the
1340 3509 1458 3547 south
1486 3517 1665 3560 transept
1692 3520 1731 3547 at
1762 3510 1957 3560 Bardney,
1978 3511 2048 3548 but
2074 3510 2141 3548 the
2168 3510 2304 3548 dorter

259 3561 336 3587 was
354 3549 512 3588 d1v1ded
533 3551 631 3588 from
651 3552 716 3590 the
736 3554 896 3601 church,
916 3570 958 3593 as
978 3567 1017 3595 at
1040 3558 1223 3608 Reading
1242 3560 1320 3597 and
1340 3560 1493 3598 several
1521 3561 1635 3599 other
1661 3562 1936 3609 monasteries‚
1956 3563 2008 3610 by
2026 3561 2095 3599 the
2122 3561 2303 3610 chapter-

257 3599 394 3644 house,
415 3601 589 3639 between
610 3603 735 3640 which
756 3605 833 3642 and
853 3606 919 3644 the
939 3608 1085 3646 church
1107 3623 1182 3647 was
1203 3611 1270 3648 the
1297 3613 1452 3649 monks’
1480 3612 1653 3661 parlour.
1725 3612 1838 3650 Thus
1866 3612 1933 3650 the
1959 3625 2046 3663 way
2073 3612 2172 3650 back
2201 3613 2302 3650 from

259 3650 325 3688 the
355 3651 499 3689 church
531 3663 572 3690 to
600 3653 667 3691 the
696 3654 828 3692 dorter
857 3657 923 3706 lay
951 3659 1122 3708 through
1153 3661 1221 3709 the
1251 3670 1336 3699 east
1364 3662 1466 3699 walk
1495 3663 1537 3700 01
1561 3663 1628 3700 the
1655 3663 1829 3710 cloister‚
1854 3663 1932 3701 and
1958 3663 2027 3701 the
2053 3663 2243 3713 curiosity
2261 3663 2304 3701 of

261 3701 395 3751 Bracy,
415 3716 455 3739 as
483 3703 531 3740 he
559 3704 880 3763 lag-gedbehind
908 3709 975 3746 the
1003 3721 1095 3755 rest,
1124 3724 1201 3750 was
1229 3713 1372 3750 stirred
1401 3715 1453 3762 by
1482 3714 1648 3763 hearing
1676 3715 1809 3753 voices
1837 3715 1875 3752 in
1894 3716 1961 3751 the
1979 3714 2300 3765 chapter—house.

261 3750 323 3789 He
341 3754 575 3803 apparently
593 3755 660 3792 h1d
681 3756 839 3794 himself
854 3771 948 3796 near
967 3760 1034 3798 the
1052 3762 1357 3811 chapter-house
1377 3765 1474 3802 door
1491 3765 1552 3802 till
1571 3774 1648 3803 two
1667 3766 1707 3803 of
1733 3767 1800 3803 the
1820 3765 1987 3815 culprits
2005 3778 2114 3803 came
2133 3774 2203 3803 out
2222 3765 2302 3803 and

256 3812 359 3840 went
381 3816 433 3851 up
455 3814 497 3841 to
514 3805 582 3863 the
601 3806 743 3844 dorter.
802 3807 888 3846 The
907 3811 1020 3848 other
1038 3819 1115 3850 two
1134 3826 1198 3850 are
1227 3815 1312 3851 said
1341 3816 1379 3851 in
1399 3816 1567 3853 another
1586 3825 1754 3854 account
1774 3827 1816 3854 to
1833 3817 1935 3854 have
1954 3829 2059 3865 gone
2087 3824 2138 3866 up
2164 3827 2206 3854 to
2233 3815 2301 3854 the

256 3862 444 3903 treasury,
464 3855 592 3913 whlch
612 3857 703 3894 thus
724 3871 813 3908 may
833 3860 930 3897 have
952 3862 1047 3899 been
1069 3876 1118 3900 on
1140 3865 1205 3901 the
1233 3865 1314 3902 first
1344 3866 1438 3903 floor
1458 3868 1582 3904 above
1602 3868 1668 3905 the
1687 3867 1859 3917 parlour,
1883 3870 2058 3907 between
2079 3869 2147 3906 the
2167 3868 2302 3905 dorter

253 3904 330 3942 and
349 3905 416 3943 the
434 3906 594 3945 churcn.
668 3908 920 3958 Meanwhile,
945 3913 1071 3965 Bracy
1089 3915 1296 3967 evidently
1316 3927 1419 3955 went
1449 3918 1546 3956 back
1575 3919 1659 3956 into
1687 3920 1755 3957 the
1774 3919 1921 3958 church
1941 3929 1984 3958 to
2003 3919 2129 3957 watch
2149 3918 2302 3958 further

2460 1728 2476 1974 .::12-‘4ua‘.‘2·..=i='a2a=.
2454 1200 2476 1722 'hassa'l-Azffluaaffinmdwnffl
2458 1004 2476 1196 fflmwen

2467 2470 2476 2480 t
2470 2419 2476 2447 t-
2465 2382 2476 2408 :m
2458 2205 2476 2372 Ώᾳφμκυω
2462 2154 2476 2198 aa...
2462 2067 2476 2131 “Aa-J
2462 1977 2476 2058 ’.ιω-,ἱ
