2488 4296
389 398 508 454 145
824 377 1314 436 ALNWICK’S
1397 378 1984 436 vlserTIONS.

392 537 727 584 confratribus
763 535 877 591 suis,
915 535 1096 581 iurauit
1133 534 1270 595 quod
1310 534 1545 582 decetero
1584 551 1835 596 nunquam
1873 535 2151 583 denudabit
2186 537 2442 584 decetero¹

394 603 586 648 secreta
608 600 689 646 vel
710 599 1059 645 correcciones
1083 599 1387 659 capitularia.

523 664 745 723 (Abbas.)
816 663 943 708 Item
967 662 1089 708 dicit
1112 662 1247 722 quod
1270 663 1353 708 vbi
1387 662 1640 724 Johannes
1676 662 1937 723 Langham
1959 664 2248 723 procurauit
2272 663 2444 710 domui

363 785 365 787 ‚
396 743 429 774 x
451 728 498 774 li.
524 727 589 773 ad
613 726 962 785 reparaciones
981 726 1073 771 sub
1093 726 1391 772 condicione
1409 726 1544 786 quod
1563 726 1776 772 donator
1795 727 2078 785 specialiter
2096 728 2443 773 recommend-

396 794 562 837 aretur
585 788 847 848 suffragiis,
872 790 971 834 iam
994 789 1127 834 istud
1151 790 1387 835 omissum
1411 792 1485 836 est
1508 790 1559 835 in
1592 792 1785 834 tantum
1825 789 1960 848 quod
1997 804 2099 836 non
2136 790 2318 837 dicitur
2351 806 2444 851 pro

395 857 492 901 isto
517 853 760 899 donatore
784 853 938 898 semel
964 853 1109 899 Pater
1133 857 1303 899 noster
1325 854 1376 898 in
1400 854 1498 900 die.
1580 852 1752 898 Abbas
1790 852 1913 899 dicit
1949 853 2084 914 quod
2121 868 2222 900 non
2256 854 2446 901 habent

399 932 583 964 nomen
608 916 865 962 donatoris
888 930 980 975 pro
1003 931 1101 976 quo
1126 919 1340 962 orarent.

526 980 755 1041 (Abbas.)
825 980 952 1025 Item
986 995 1099 1026 cum
1123 980 1357 1026 monachi
1382 979 1706 1035 infirmantur,
1731 979 1888 1025 abbas
1912 994 2014 1026 non
2037 980 2203 1027 visitat
2226 995 2328 1036 e03,
2354 981 2444 1028 sed

399 1044 590 1104 puellas
634 1058 755 1103 quas
798 1046 932 1089 amat
976 1045 1026 1089 in
1070 1044 1187 1090 villa
1230 1058 1322 1103 pro
1378 1044 1522 1089 libito
1576 1043 1756 1089 visitat.
1858 1043 1985 1090 Item
2029 1043 2153 1090 dicit
2197 1044 2261 1090 de
2304 1045 2446 1092 ruina

399 1110 800 1154 tenementorum
823 1110 876 1152 vt
900 1121 1063 1167 supra.
1134 1106 1522 1166 Quodammodo
1546 1106 1805 1153 confessus
1828 1107 2063 1153 articulis.

528 1170 755 1230 (Abbas.)
839 1171 966 1216 Item
1005 1171 1162 1216 abbas
1201 1171 1337 1216 omni
1377 1185 1509 1217 anno
1546 1169 1720 1217 vendit
1754 1170 2058 1216 frumentum
2094 1185 2184 1232 pre
2217 1171 2447 1217 manibus

399 1235 705 1295 quarterium
740 1233 805 1280 ad
841 1234 924 1289 xld,
951 1237 1000 1280 et
1024 1235 1261 1294 pecunias
1284 1235 1463 1294 recipit
1485 1248 1574 1294 pre
1598 1234 1840 1290 manibus,
1867 1236 1917 1280 et
1939 1237 2116 1294 postea
2149 1236 2447 1281 necessitate

401 1299 581 1344 ductus
598 1298 833 1344 conuenit
847 1312 960 1343 cum
977 1298 1287 1358 emptoribus
1302 1312 1393 1357 pro
1407 1299 1508 1359 xvj⁸
1523 1298 1837 1358 quarterium.
1879 1298 2082 1344 Fatetur
2095 1298 2446 1345 vendicionem

402 1377 468 1408 xx
491 1362 851 1421 quarteriorum
875 1361 1016 1407 ordei
1040 1362 1105 1408 ad
1128 1362 1209 1407 xl³.
1843 1382 1846 1386 ·

530 1424 830 1487 (Gedeney.)
900 1426 1028 1471 Item
1052 1425 1176 1472 dicit
1198 1425 1334 1485 quod
1357 1424 1510 1471 frater
1533 1425 1786 1487 Johannes
1809 1424 2052 1486 Gedeney
2084 1425 2256 1485 vigilat
2287 1427 2444 1486 temp·

402 1489 573 1535 oribus
627 1489 1031 1548 autumpnalibus
1074 1503 1189 1534 cum
1235 1489 1516 1535 mulieribus
1558 1491 1600 1534 et
1645 1489 1756 1534 aliis
1799 1489 2103 1535 messoribus
2146 1489 2212 1535 ad
2257 1489 2448 1536 medias

403 1556 591 1609 noctes,
618 1555 667 1598 et
689 1555 809 1599 tunc
832 1553 1028 1612 pulsato
1052 1553 1117 1598 ad
1141 1554 1408 1599 matutinas
1431 1552 1569 1598 vadit
1591 1552 1657 1598 ad
1679 1552 1863 1599 lectum
1887 1553 2083 1598 omissis
2104 1553 2372 1610 matutinis,
2397 1556 2447 1599 et

403 1616 658 1676 egreditur
697 1617 1052 1662 monasterium
1087 1617 1157 1663 'de
1196 1620 1345 1663 nocte
1385 1617 1517 1662 circa
1556 1616 1962 1676 aucupacionem.
2045 1617 2111 1662 Et
2149 1617 2336 1663 iuratus
2371 1619 2447 1663 est

404 1680 540 1740 quod
564 1680 800 1726 decetero
825 1695 925 1726 non
949 1680 1127 1726 similia
1150 1683 1416 1740 presumat.

531 1743 723 1805 (Abbas
745 1761 754 1790 :
789 1743 1008 1802 fatetur.)
1091 1745 1217 1790 Item
1262 1744 1581 1791 refectorium
1627 1757 1729 1790 non
1752 1743 2060 1790 'obseruatur
2099 1744 2195 1790 isto
2233 1743 2448 1789 triennio

403 1808 498 1853 nisi
521 1808 572 1853 in
598 1807 680 1854 die
706 1807 1006 1854 Parasceues
1028 1811 1236 1854 tantum.

647 1871 948 1918 Continuata
972 1874 1047 1918 est
1070 1872 1296 1918 visitacio
1319 1885 1473 1931 vsque
1496 1870 1561 1918 ad
1585 1871 1890 1931 quindenam
1915 1870 2192 1918 Michaelis.

1044 1993 1160 2056 [Fo.
1187 1993 1326 2056 74d.]
1381 2006 1817 2041 HUMBRESTAYNE.

530 2096 828 2150 Willelmus,
853 2098 1184 2157 permissione
1208 2097 1379 2144 diuina
1405 2097 1772 2144 Lincolniensis
1794 2097 2077 2157 episcopus,
2101 2096 2300 2143 dilectis
2334 2095 2449 2143 filiis

399 2161 569 2207 abbati
589 2164 639 2207 et
656 2162 925 2207 conuentui
944 2162 1233 2208 monasterii
1253 2161 1317 2208 de
1356 2162 1745 2221 Humbrestayn,
1765 2161 1956 2207 ordinis
1974 2159 2151 2206 sancti²
2169 2159 2446 2217 Benedicti,

403 2228 573 2271 nostre
597 2225 826 2282 diocesis,
846 2225 1068 2279 salutem,
1088 2226 1309 2285 graciam
1332 2229 1382 2272 et
1405 2225 1834 2272 benediccionem.
1883 2225 1941 2269 In
1964 2223 2256 2270 visitacione
2279 2226 2449 2270 nostra

401 2288 669 2345 ordinaria,
709 2303 859 2350 quam
913 2290 964 2334 in
1020 2289 1158 2335 dicto
1196 2290 1501 2335 monasterio
1544 2303 1703 2348 nuper
1748 2287 2077 2348 personaliter
2121 2288 2446 2344 exercuimus,

402 2352 641 2398 nonnulla
686 2352 885 2398 oculata
928 2351 1029 2399 fide
1075 2354 1350 2412 reperimus
1395 2353 1716 2398 correccione
1761 2355 1811 2397 et
1855 2351 2221 2398 reformacione
2276 2351 2443 2410 digna.

404 2416 602 2462 Idcirco
625 2415 943 2475 infrascripta
977 2417 1319 2462 iniuncciones
1343 2419 1392 2462 et
1416 2415 1652 2462 mandata
1688 2418 1850 2461 nostra
1886 2415 2029 2461 vobis
2051 2415 2446 2471 transmittimus,

401 2495 491 2540 per
551 2493 641 2526 vos
702 2482 752 2526 et
820 2482 1040 2526 vestrum
1111 2480 1385 2542 quemlibet
1439 2483 1731 2542 vestrosque
1787 2492 2102 2533 successores
2156 2478 2249 2524 sub
2304 2478 2447 2538 penis

400 2543 729 2603 infrascriptis
752 2543 1104 2590 inuiolabiliter
1128 2543 1428 2590 obserunda.

532 2608 590 2653 In
613 2607 787 2667 primis
820 2608 1121 2667 iniungimus
1154 2608 1298 2654 vobis
1319 2608 1562 2653 vniuersis
1584 2609 1635 2653 et
1657 2606 1864 2666 singulis
1897 2604 2052 2667 quod³
2074 2604 2296 2664 regulam
2319 2603 2449 2651 illius

400 2670 603 2730 gloriosi
644 2670 946 2717 confessoris
986 2673 1144 2717 sancti
1187 2671 1464 2728 Benedicti,
1505 2685 1655 2733 quam
1695 2670 1862 2716 dicitis
1899 2684 1990 2715 vos
2027 2668 2446 2728 fore-professos,

401 2736 599 2794 penitus
622 2748 722 2796 quo
745 2734 811 2781 ad
833 2734 1049 2781 litteram
1074 2736 1352 2782 obseruetis
1371 2748 1383 2790 ;
1419 2736 1681 2796 ipsamque
1704 2735 1810 2780 siue
1832 2737 2027 2794 partem
2061 2733 2166 2779 eius
2189 2732 2326 2778 omni
2350 2731 2450 2778 die⁴

400 2813 460 2844 ac
494 2799 886 2845 constituciones
919 2798 1111 2845 ordinis
1143 2800 1308 2856 vestri,
1343 2799 1606 2859 presertim
1639 2798 2000 2854 benedictinaS,
2024 2797 2091 2843 ad
2114 2810 2263 2842 omne
2286 2796 2449 2842 minus

401 2865 575 2923 quater
608 2863 659 2907 in
692 2876 825 2908 anno
859 2863 911 2908 in
944 2863 1163 2922 capitulo
1196 2866 1362 2909 vestro
1397 2877 1566 2909 coram
1600 2862 1834 2908 omnibus
1854 2861 2024 2921 lingua
2046 2860 2130 2906 illa
2151 2875 2249 2922 que
2272 2859 2447 2905 melius

400 2928 568 2985 potest
590 2926 814 2985 intelligi,
839 2926 1006 2986 palam
1030 2929 1080 2972 et
1102 2926 1303 2986 publice
1327 2927 1426 2986 legi
1449 2926 1656 2973 faciatis.

531 2990 657 3035 Item
696 2989 834 3051 quod
873 2990 1010 3036 omni
1050 2989 1132 3037 die
1171 2993 1286 3050 post
1325 3005 1560 3050 vesperas
1594 2993 1824 3049 tempore
1859 3001 2082 3047 congruo
2118 2985 2446 3033 collacionem

400 3051 595 3098 faciatis
618 3053 754 3099 iuxta
777 3054 1013 3113 regulam,
1050 3056 1101 3100 et
1134 3054 1302 3099 statim
1337 3054 1474 3100 dicto
1509 3053 1854 3113 completorio,
1890 3052 2037 3098 nullis
2075 3050 2445 3111 potacionibus⁵

401 3118 486 3161 aut
508 3117 993 3163 commesacionibus
1027 3132 1115 3163 seu
1148 3117 1257 3163 aliis
1289 3118 1430 3163 vanis
1462 3116 1788 3172 intendendo,
1825 3116 2173 3162 dormitorium
2208 3117 2257 3162 et
2290 3113 2448 3160 lectos

400 3181 601 3239 petatis;
627 3180 810 3227 exinde
845 3182 938 3226 nisi
972 3181 1038 3227 ad
1072 3182 1338 3227 matutinas
1361 3184 1553 3227 tantum
1575 3194 1732 3242 vsque
1755 3180 1876 3226 dum
1899 3178 2116 3239 surgitis⁶
2137 3177 2203 3224 ad
2229 3178 2442 3238 primam

402 3243 478 3288 die
506 3244 714 3303 sequenti
745 3244 1012 3290 nullatinus
1048 3246 1241 3302 exituri,
1280 3245 1503 3305 exceptis
1539 3244 1635 3290 illis
1670 3258 1796 3306 quos
1831 3244 1966 3290 circa
2001 3242 2166 3290 officia
2201 3241 2446 3288 exteriora

403 3309 604 3366 oportet
627 3322 689 3352 ex
712 3309 996 3355 necessario
1019 3309 1267 3369 occupari.

504 3418 518 3443 ¹
546 3421 621 3457 Sic.

502 3469 519 3493 2
544 3472 668 3519 Augu
695 3472 910 3510 cancelled.

503 3520 518 3544 ³
543 3524 654 3560 omni
670 3523 731 3559 die
748 3536 822 3572 quo
842 3525 1040 3563 ieiunium
1060 3537 1138 3563 non
1156 3530 1211 3563 est
1229 3526 1424 3565 indictum
1444 3531 1482 3564 et
1498 3525 1592 3564 aliis
1612 3524 1756 3575 quibus
1774 3536 1853 3562 non
1873 3523 2088 3562 cancelled.

502 3573 517 3596 ⁴
544 3574 589 3610 in
607 3576 711 3622 capit
730 3575 944 3613 cancelled.

501 3624 517 3647 ⁵
541 3637 585 3662 ac
602 3626 815 3664 cancelled.

500 3673 516 3698 ⁶
543 3675 631 3714 Sic:
661 3677 720 3714 for
746 3678 931 3726 surgatis.

499 3763 511 3787 ¹
540 3766 731 3804 Founded
760 3779 866 3816 upon
897 3767 1175 3818 Fressheney’s
1205 3769 1317 3808 ninth
1346 3772 1545 3808 detectum.
1599 3770 1687 3808 The
1716 3769 1992 3808 constitutions
2019 3768 2064 3806 of
2091 3780 2194 3822 pope
2224 3767 2347 3807 Benet
2374 3777 2439 3806 are

396 3816 507 3856 those
526 3818 799 3869 promulgated
818 3818 870 3869 by
891 3820 1081 3859 Benedict
1102 3831 1166 3859 ΧΠ
1185 3827 1226 3859 at
1245 3822 1429 3875 Avignon
1448 3822 1488 3860 in
1512 3829 1620 3874 1337.
