2488 4296
233 373 350 414 IIO
688 354 1178 413 ALNWICK’S
1261 350 1826 412 VISITATIONS

361 513 661 572 (Magister.)
698 513 824 558 Item
850 511 973 557 dicit
995 510 1133 573 quod
1156 511 1290 557 nulle
1313 514 1427 557 sunt
1450 511 1794 558 dissenciones
1816 513 1900 556 aut
1923 511 2282 557 contenciones

233 577 362 622 inter
399 577 689 635 magistrum
714 578 763 621 et
799 574 985 630 sociis,1
1009 575 1102 619 nisi
1138 577 1331 620 tantum
1367 577 1574 634 propter
1599 589 1700 620 non
1724 574 2032 620 solucionem
2057 573 2279 633 stipend-

236 641 397 685 iorum
421 654 513 685 nec
537 639 938 685 celebracionem
962 638 1222 683 missarum
1245 641 1295 684 et
1318 638 1414 684 alia
1437 638 1622 684 debita.

365 714 665 775 (Magister.)
735 714 980 760 Dominus
1015 713 1269 774 Johannes
1308 713 1532 760 Palmere
1569 713 1692 759 dicit
1727 712 1864 774 quod
1887 712 2054 772 plures
2077 713 2200 759 socii
2235 715 2285 759 et

234 778 316 824 alii
353 778 559 837 obligati
597 778 662 823 ad
700 777 910 823 chorum
946 779 1060 836 post
1095 776 1276 822 eorum²
1299 778 1578 835 ingressum
1615 775 1748 822 chori
1769 776 1929 821 statim
1955 779 2138 822 exeunt
2162 790 2281 822 con-

237 841 616 887 suetudinaliter
650 844 768 886 ante
806 840 1113 899 completum
1154 841 1449 901 obsequium
1490 840 1729 895 diuinum,
1771 842 1820 885 et
1858 839 1957 884 hoc
1995 840 2046 884 in
2082 838 2285 885 defectu

239 905 467 964 magistri,
493 905 577 965 qui
614 904 730 949 sinit
768 918 854 949 eos
891 905 963 949 sic
999 904 1135 949 exire
1158 906 1209 948 et
1233 917 1330 949 non
1366 903 1692 963 reprehendit
1715 917 1809 948 nec
1833 902 2052 948 refrenat
2075 916 2162 948 eos
2188 920 2198 948 :
2233 903 2284 947 in

238 968 441 1014 defectu
464 967 788 1027 precentoris,
814 967 1022 1012 absente
1047 967 1298 1026 magistro.

368 1040 663 1099 (Magister.)
749 1040 877 1086 Item
922 1039 1045 1085 dicit
1089 1039 1227 1100 quod
1271 1040 1509 1098 magister
1554 1039 1746 1085 detinet
1791 1038 1886 1083 sibi
1931 1038 2088 1099 xmjli.
2129 1040 2182 1084 vt
2221 1038 2286 1084 de

238 1103 430 1149 salariis
466 1104 567 1149 suis
592 1106 641 1149 et
676 1103 785 1149 aliis
809 1103 904 1149 sibi
943 1102 1141 1158 debitis,
1168 1105 1218 1148 et
1241 1103 1401 1148 eciam
1426 1102 1618 1148 detinet
1641 1102 1735 1147 sibi
1760 1102 2022 1148 liberatam
2046 1116 2187 1147 suam
2221 1101 2286 1148 de

237 1181 337 1212 vno
371 1181 518 1213 anno.

364 1240 660 1299 (Magister.)
730 1240 856 1286 Item
894 1239 1017 1285 dicit
1040 1238 1177 1300 quod
1214 1238 1279 1284 de
1302 1239 1500 1284 statutis
1524 1238 1722 1298 collegii
1747 1238 1983 1298 magister
2008 1240 2287 1298 reportaret

237 1304 404 1349 omnia
443 1303 712 1349 commoda
747 1303 927 1349 domus
963 1302 1030 1348 ad
1065 1302 1332 1360 collegium
1369 1305 1419 1348 et
1455 1317 1513 1348 ea
1549 1305 1815 1362 reponeret
1839 1303 1890 1348 in
1913 1317 2009 1347 vna
2033 1302 2285 1348 communi

236 1368 361 1412 cista
384 1367 477 1412 sub
514 1367 673 1412 tribus
697 1367 893 1423 seruris,
919 1381 1128 1427 quarum
1151 1381 1299 1411 vnam
1324 1365 1534 1411 haberet
1558 1366 1808 1424 magister,
1833 1365 1999 1411 aliam³
2017 1368 2280 1426 precentor,

236 1433 285 1476 et
307 1431 516 1476 terciam
539 1445 663 1475 vnus
688 1430 752 1476 de
777 1430 990 1489 collegio
1014 1444 1104 1488 per
1122 1430 1287 1475 socios
1312 1429 1514 1485 electus,
1540 1429 1590 1474 in
1613 1429 1712 1475 alio
1736 1428 1902 1475 officio
1926 1443 2026 1474 non
2051 1429 2284 1475 existens.

238 1494 303 1539 Et
327 1508 419 1553 pro
443 1495 600 1540 tercio
638 1494 921 1539 nominatur
961 1493 1186 1538 Palmere
1210 1493 1275 1538 ab
1298 1493 1546 1549 omnibus,
1573 1495 1622 1538 et
1645 1493 1822 1538 moniti
1847 1495 1961 1538 sunt
1985 1492 2124 1555 quod
2156 1491 2287 1538 infra

237 1572 461 1603 mensem
485 1559 769 1617 proximum
793 1554 1038 1603 habeatur
1061 1556 1173 1601 talis
1197 1556 1427 1602 custodia
1448 1556 1678 1602 clauium.

363 1631 667 1690 (Magister.)
737 1630 863 1676 Item
901 1630 1023 1676 dicit
1046 1629 1184 1691 quod
1220 1630 1456 1688 magister
1480 1644 1579 1676 non
1605 1629 1755 1675 soluit
1777 1629 2012 1675 choristis
2035 1629 2287 1689 stipendia

235 1697 285 1740 et
309 1694 405 1740 alia
428 1695 534 1739 iura
558 1709 658 1740 sua.
731 1694 933 1739 Fatetur
958 1695 1207 1753 magister.

364 1768 660 1828 (Magister.)
700 1768 826 1813 Item
851 1767 977 1827 petit
994 1766 1131 1828 quod
1154 1767 1377 1812 Thomas
1401 1767 1617 1820 Salmon,
1639 1781 1798 1826 nuper
1821 1766 2034 1813 valettus
2058 1766 2284 1822 clericus,

235 1831 319 1891 qui
354 1836 561 1891 propter
597 1831 781 1876 malum
819 1831 1044 1890 regimen
1080 1830 1174 1875 fuit
1213 1831 1448 1889 expulsus
1472 1845 1500 1876 a
1525 1830 1752 1889 collegio,
1779 1833 1827 1876 et
1851 1831 2090 1890 magister
2122 1830 2286 1889 ipsum

235 1894 434 1940 reduxit
469 1910 499 1940 a
538 1894 829 1951 Londoniis,
855 1898 904 1940 et
940 1909 1030 1953 per
1067 1894 1230 1953 ipsum
1267 1893 1554 1939 diffamatur
1578 1895 1844 1953 collegium
1867 1895 1918 1939 in
1942 1893 2058 1940 villa
2079 1893 2283 1940 ibidem.

236 1958 477 2017 Magister
502 1959 718 2004 monitus
744 1962 818 2004 est
841 1957 979 2019 quod
1004 1957 1220 2017 expellat
1246 1972 1358 2003 eum
1383 1972 1475 2017 pro
1499 1960 1757 2017 perpetuo.

362 2035 663 2094 (Magister.)
732 2035 977 2080 Dominus
1014 2034 1298 2080 Willelmus
1337 2034 1596 2095 Thurleby
1633 2034 1755 2080 dicit
1794 2034 1932 2096 quod
1967 2034 2157 2080 familia
2191 2048 2284 2080 nec

235 2098 393 2144 eciam
433 2097 684 2158 yconmia1
724 2098 853 2144 bene
895 2098 1245 2158 superuidetur
1282 2097 1347 2143 ad
1387 2098 1711 2144 commodum
1752 2098 1949 2157 collegii
1989 2098 2040 2143 in
2081 2096 2284 2143 defectu

233 2162 469 2220 magistri,
497 2165 546 2207 et
569 2162 698 2208 male
722 2161 847 2207 fiunt
870 2163 1221 2221 reparaciones
1253 2161 1304 2206 in
1328 2161 1556 2220 collegio,
1583 2176 1678 2208 nec
1701 2162 1915 2208 rectoria
1939 2161 2163 2217 ecclesie,
2190 2175 2285 2206 nec

234 2225 448 2271 habetur
470 2225 675 2286 aliquod
712 2227 933 2271 staurum
969 2225 1035 2270 ad
1071 2226 1423 2284 reparaciones
1458 2225 1717 2271 faciendas
1752 2226 1803 2270 in
1827 2226 2067 2271 meremio
2092 2227 2142 2271 et
2174 2223 2283 2270 aliis

234 2303 541 2335 necessarus.
1723 2313 1726 2316 «

366 2364 664 2425 (Magister.)
735 2365 862 2410 Item
887 2364 1010 2410 dicit
1033 2364 1171 2426 quod
1202 2378 1264 2410 ex
1287 2365 1484 2410 statutis
1508 2367 1558 2410 et
1581 2379 1751 2411 eorum
1775 2365 1949 2425 vigore
1972 2366 2185 2426 quatuor
2219 2363 2284 2410 de

234 2429 483 2484 consociis
522 2429 721 2488 collegii
767 2431 934 2474 essent
978 2431 1238 2488 presentes
1276 2428 1327 2473 in
1367 2428 1661 2474 reddicione
1706 2429 1929 2488 compoti
1975 2429 2198 2488 magistri
2232 2428 2283 2473 in

234 2491 676 2547 administracione
712 2492 959 2538 bonorum
997 2492 1209 2551 collegii,
1235 2494 1285 2538 et
1307 2492 1403 2538 iam
1431 2506 1531 2538 non
1555 2494 1669 2537 sunt
1705 2492 1896 2538 ibidem
1920 2492 2013 2538 nisi
2047 2492 2284 2551 magister

234 2559 284 2612 et
307 2556 519 2611 auditor,
546 2559 595 2601 et
618 2556 736 2602 ideo
759 2556 979 2601 nescitur
1004 2555 1068 2601 de
1092 2555 1373 2601 commodis
1398 2555 1591 2602 domus.

362 2630 662 2692 (Magister.)
750 2631 878 2677 Item
924 2630 1048 2677 dicit
1092 2630 1230 2692 quod
1274 2631 1324 2676 in
1373 2631 1606 2677 exeundo
1651 2632 1785 2678 circa
1829 2633 2040 2691 negocia
2084 2630 2283 2691 collegii

234 2695 469 2754 magister
493 2695 615 2740 facit
637 2695 803 2755 plures
829 2698 878 2741 et
901 2695 1041 2756 quasi
1065 2694 1412 2754 importabiles
1437 2710 1682 2755 expensas
1702 2709 1714 2749 ;
1750 2694 1867 2740 ideo
1891 2696 2018 2754 petit
2039 2698 2093 2740 vt
2115 2696 2166 2741 in
2185 2694 2285 2741 hoc

231 2758 494 2804 videantur
518 2762 702 2804 statuta
727 2762 775 2805 et
799 2759 959 2804 eciam
983 2758 1121 2819 quod
1145 2759 1491 2804 examinentur
1516 2759 1753 2819 compoti,
1773 2759 1889 2820 quia
1908 2758 2129 2804 creditur
2146 2757 2283 2820 quod

233 2836 334 2867 non
371 2837 498 2884 eque
523 2822 653 2868 bene
692 2821 829 2878 fiunt,
856 2825 906 2868 et
932 2822 1004 2868 sic
1028 2821 1151 2867 dicit
1174 2821 1312 2884 quod
1346 2822 1614 2881 collegium
1638 2822 1911 2869 retrocedit
1934 2825 1984 2868 et
2009 2836 2110 2868 non
2144 2836 2281 2881 pros-

232 2888 447 2944 petatur.

362 2958 664 3020 (Magister.)
735 2959 862 3005 Item
899 2959 1023 3005 dicit
1061 2958 1199 3021 quod
1233 2959 1470 3018 magister
1493 2959 1639 3005 nimis
1663 2959 1843 3006 crebro
1866 2962 1916 3006 et
1939 2973 2031 3018 pro
2065 2958 2283 3004 minimis

233 3023 395 3068 causis
434 3021 500 3068 et4
540 3037 653 3067 cum
691 3023 838 3068 nimis
875 3024 1134 3069 excessiua
1170 3022 1359 3068 familia
1399 3023 1588 3085 equitat
1636 3023 1966 3078 Londoniam,
2007 3025 2059 3068 et
2091 3022 2282 3068 ibidem

234 3088 464 3144 expectat
502 3100 591 3145 per
629 3089 859 3145 tempora
895 3086 1168 3146 prolixiora
1193 3086 1259 3131 ad
1282 3099 1492 3145 magnos
1516 3090 1566 3133 et
1588 3087 1788 3132 inutiles
1813 3086 1992 3133 domus
2016 3089 2243 3145 sumptus
2271 3103 2280 3142 ;

232 3152 282 3194 et
327 3149 487 3195 credit
531 3149 686 3210 quod⁵
731 3151 968 3208 magister
1013 3148 1191 3196 nescit⁶
1233 3164 1298 3195 an
1342 3149 1422 3195 vel
1466 3154 1706 3211 quantum
1751 3150 1961 3196 ordeum
2007 3149 2105 3195 hoc
2149 3163 2283 3195 anno

233 3213 516 3258 seminatur.

334 3322 347 3347 ¹
378 3325 460 3361 Sic.

328 3374 346 3398 ‘2
374 3374 593 3412 interlined
620 3375 747 3413 above
773 3377 852 3413 eius
879 3375 1094 3414 cancelled.

330 3425 346 3448 ³
371 3427 529 3464 sacrista
557 3426 776 3465 cancelled.

331 3476 348 3499 ⁴
365 3483 439 3526 pro
464 3476 680 3515 cancelled.

331 3526 346 3550 5
372 3540 457 3565 nesc
479 3527 694 3566 cancelled.

329 3577 345 3601 ⁶
370 3584 437 3616 aut
463 3579 678 3617 cancelled.

329 3667 341 3691 ¹
371 3667 530 3706 statute
559 3668 631 3706 26:
661 3681 727 3707 see
757 3677 852 3707 note
875 3677 893 3717 5
916 3682 966 3707 on
988 3683 1023 3719 p.
1049 3678 1095 3718 95
1116 3671 1255 3709 above.
1332 3669 1419 3709 The
1446 3672 1722 3722 money-obest
1747 3673 1923 3723 actually
1950 3674 2078 3723 ought
2106 3683 2147 3712 to
2174 3673 2276 3713 have

226 3719 302 3757 had
322 3719 409 3758 four
428 3719 552 3757 locks.
608 3718 694 3758 The
714 3719 844 3759 duties
865 3722 907 3758 of
929 3721 998 3759 the
1019 3733 1163 3760 master
1182 3735 1225 3760 as
1254 3722 1320 3760 the
1351 3723 1643 3762 business-man
1671 3724 1712 3762 of
1737 3724 1805 3762 the
1830 3724 1957 3763 house
1983 3737 2047 3764 are
2073 3726 2205 3764 stated
2232 3739 2276 3763 or

225 3769 387 3821 implied
406 3770 443 3808 in
465 3770 614 3809 several
633 3772 674 3808 of
698 3771 767 3809 the
786 3782 966 3810 statuteS.
