2488 4296
362 324 477 362 201
794 305 1282 364 ALNWICK'S
1365 306 1928 366 VISITATIONS

490 464 616 509 Item
656 464 958 523 iniungimus
994 467 1043 510 et
1079 464 1368 511 ordinamus
1405 468 1454 511 et
1490 466 1582 511 sub
1618 467 1762 525 penis
1797 481 1947 526 supra
1985 470 2034 513 et
2069 468 2396 529 infrascriptis

362 525 569 572 firmiter
609 527 901 572 mandamus
936 527 1006 573 vt¹
1044 528 1205 573 nullus
1241 529 1465 575 eiusdem
1501 530 1712 575 ecclesie
1752 532 2034 587 canonicus,
2075 533 2286 578 vicarius
2319 533 2398 578 vel

363 591 587 636 minister
622 594 762 636 extra
798 590 1006 636 chorum
1042 592 1092 636 in
1129 593 1242 637 naui
1279 592 1490 638 ecclesie
1524 593 1603 638 vel
1626 593 1744 638 alibi
1779 597 2006 653 ternpore
2030 595 2312 641 diuinorum
2345 596 2398 641 in

363 654 536 698 habitu
561 652 746 699 choralz'
768 657 854 699 aut
875 655 1080 700 seculari
1101 658 1306 714 vagetur
1329 659 1414 701 aut
1435 670 1548 701 cum
1573 656 1879 702 secularibus
1912 657 2273 715 confabuletur,
2299 659 2393 704 nisi

361 717 473 762 talis
510 718 573 762 sit
611 732 758 778 quem
795 718 1107 777 temporibus
1143 718 1427 765 huiusmodi
1464 720 1666 765 racione
1703 719 1852 766 officii
1892 722 1966 766 sui
1990 724 2219 780 oporteat
2252 735 2401 781 agere

364 783 502 825 extra
538 780 745 826 chorum
783 782 854 827 vel
891 781 941 826 in
980 782 1329 827 minucionibus
1364 783 1564 839 existat;
1599 783 1836 844 quodque
1874 784 2036 829 nullus
2058 786 2108 829 in
2133 785 2288 831 choro
2323 786 2401 831 vel

362 844 496 889 circa
531 844 704 890 altaria
740 846 967 904 ternpore
1003 845 1304 891 diuinorum²
1326 846 1594 905 lignipodiz's
1629 850 1715 892 aut
1739 847 2020 907 ferripOdiis
2042 849 2110 893 vti
2134 852 2401 908 presumat,

362 922 475 952 cum
499 908 722 953 incessus
745 908 917 954 talium
942 910 1202 968 strepitum
1224 914 1466 968 generent
1489 910 1816 969 psallentibus
1840 911 2060 956 ητιιίἰιιηιΒ
2083 913 2329 957 nociuum.

494 972 621 1016 Item
645 974 827 1017 statuta
850 972 1078 1032 predicta
1101 976 1366 1033 sequentes
1389 973 1689 1032 iniungimus
1711 974 1854 1019 vobis
1876 975 2118 1021 vniuersis
2136 978 2185 1021 et
2202 976 2406 1035 singulis

360 1034 411 1079 in
455 1035 748 1080 sacerdocio
793 1036 1076 1081 constitutis
1110 1037 1203 1081 sub
1226 1051 1357 1096 pena
1392 1037 1678 1096 supradicta
1713 1040 1765 1082 vt
1801 1038 1851 1082 in
1889 1038 2101 1084 ecclesia
2135 1040 2240 1084 siue
2277 1039 2405 1085 infra

362 1098 626 1157 collegium
651 1098 928 1145 residentes
945 1100 1126 1145 tunicis
1143 1102 1193 1145 et
1211 1101 1542 1159 supertunicis
1559 1100 1795 1146 talaribus
1813 1115 1872 1146 ac
1889 1102 2061 1161 caligis
2080 1102 2205 1161 nigri
2224 1103 2406 1148 coloris

361 1161 620 1207 dumtaxat
642 1163 848 1208 omnino
870 1164 1075 1208 vtamini
1099 1165 1235 1209 iuxta
1259 1166 1477 1209 mentem
1501 1165 1669 1209 statuti
1694 1178 1842 1224 super
1866 1165 1965 1211 hoc
1987 1165 2125 1211 editi.

491 1226 616 1271 Item
655 1226 957 1285 iniungimus
979 1227 1123 1272 vobis
1147 1227 1354 1281 decano,
1380 1228 1648 1283 canoniciS,
1673 1228 1869 1273 vicariis
1904 1232 1954 1274 et
1989 1229 2260 1288 capellanis
2299 1229 2406 1275 aliis

361 1289 740 1350 quibuscunque
764 1290 856 1335 sub
880 1291 1023 1349 penis
1040 1290 1345 1350 supradictis
1364 1306 1426 1337 ne
1444 1291 1677 1337 mulieres
1695 1306 2016 1353 quascunque
2034 1292 2163 1338 infra
2182 1293 2407 1353 hospicia

362 1355 526 1397 vestra
550 1353 614 1398 de
638 1356 785 1399 nocte
808 1354 1073 1413 recipiatis,
1100 1369 1191 1400 nec
1216 1354 1281 1400 ad
1319 1369 1377 1400 ea
1414 1354 1701 1416 frequentes
1736 1370 1967 1401 accessus
2003 1356 2068 1402 de
2105 1356 2188 1402 die
2223 1360 2307 1402 aut
2343 1355 2408 1402 de

363 1419 511 1461 nocte
562 1417 749 1462 habere
803 1418 1115 1477 permittatis,
1161 1433 1251 1477 per
1294 1433 1418 1479 quas
1461 1421 1546 1464 aut
1589 1433 1798 1479 quarum
1841 1434 2072 1466 accessus
2117 1419 2405 1466 scandalum

365 1480 577 1539 collegio
601 1483 684 1525 aut
708 1482 935 1539 personis
959 1481 1182 1527 eiusdem
1205 1481 1484 1543 aliqualiter
1506 1484 1784 1540 generetur.

495 1544 621 1589 Item
645 1559 758 1589 cum
782 1544 945 1591 officia
980 1546 1222 1604 prepositi
1260 1550 1309 1591 et
1345 1545 1730 1591 locumtenentis
1765 1545 1943 1592 decani
1979 1547 2201 1592 absentis
2237 1561 2331 1593 non
2365 1562 2409 1592 se

364 1607 428 1652 sic
451 1608 810 1667 compaciantur
832 1608 978 1654 adeo⁴
1001 1612 1046 1654 vt
1070 1623 1159 1668 per
1181 1624 1326 1655 vnam
1363 1612 1411 1655 et
1441 1609 1655 1655 eandem
1691 1624 1957 1669 personam
1994 1611 2138 1656 simul
2171 1613 2221 1656 et
2254 1611 2408 1657 semel

367 1670 575 1716 valeant⁵
599 1673 849 1731 occupari,
875 1672 1177 1731 iniungimus
1199 1673 1342 1718 vobis
1366 1673 1560 1719 decano
1583 1675 1633 1718 et
1655 1673 1859 1719 cuilibet
1883 1675 2155 1720 successori
2174 1677 2341 1720 vestro
2358 1675 2410 1720 in

367 1736 547 1780 virtute
571 1739 742 1781 sancte
776 1736 1073 1782 obediencie
1111 1739 1160 1782 et
1196 1737 1288 1781 sub
1324 1751 1454 1796 pena
1488 1737 1654 1795 grauis
1690 1739 2019 1797 contemptus,
2043 1740 2095 1783 vt
2118 1739 2168 1782 in
2192 1737 2409 1783 officium

366 1800 680 1858 prepositure
718 1800 855 1859 prius
891 1800 1209 1845 substitutum
1246 1801 1296 1845 in
1332 1804 1549 1845 vestrum
1587 1815 1680 1860 pro
1715 1803 1942 1861 tempore
1977 1801 2210 1847 absencie
2247 1805 2410 1846 vestre

369 1863 750 1908 locumtenentem
775 1863 1060 1908 nullatinus⁶
1082 1863 1334 1923 deputetis
1356 1867 1440 1910 aut
1465 1868 1668 1910 econtra
1702 1865 2083 1910 locumtenentem
2122 1869 2323 1910 vestrum
2358 1865 2407 1910 in

362 1929 598 1986 posterum
623 1926 852 1986 deputari
876 1928 1189 1986 permittatis,

499 1991 625 2035 Item
649 1991 950 2049 iniungimus
972 1991 1115 2036 vobis
1138 1992 1395 2052 preposito
1418 2005 1550 2037 nunc
1573 1991 1801 2038 existenti
1838 1994 1888 2037 et
1921 1992 2126 2037 cuilibet
2162 1995 2326 2037 vestro
2359 1992 2408 2037 in

367 2053 653 2099 huiusmodi
687 2053 853 2100 officio
887 2056 1163 2101 successori
1187 2056 1279 2101 sub
1302 2069 1433 2114 pena
1456 2055 1755 2114 supradicta,
1779 2058 1831 2100 vt
1854 2058 2121 2116 antequam
2145 2055 2408 2114 collegium

366 2131 459 2176 pro
485 2118 589 2162 eius
612 2118 852 2176 negociis⁷
875 2119 1238 2179 prosequendis
1261 2120 1449 2165 exeatis
1471 2133 1670 2164 causam
1694 2122 1744 2164 et
1766 2121 1963 2178 tempus
1989 2119 2223 2165 absencie
2246 2122 2408 2163 vestre

366 2183 416 2225 in
442 2182 663 2240 negociis
688 2182 971 2227 huiusmodi
995 2185 1037 2227 et
1059 2197 1222 2228 eorum
1247 2182 1526 2242 qualitatem
1550 2183 1685 2228 iuxta
1709 2183 2015 2241 exigenciam
2053 2183 2221 2228 statuti
2261 2197 2408 2241 super

367 2245 465 2290 hoc
489 2244 611 2290 editi
637 2244 830 2291 decano
854 2245 931 2291 vel
956 2247 1006 2291 in
1030 2246 1184 2306 ipsius
1206 2247 1442 2292 absencia
1465 2247 1668 2292 sacriste
1705 2246 1915 2292 ecclesie
1951 2246 2177 2305 predicte
2216 2246 2410 2291 realiter

367 2309 643 2368 exprimatis
663 2308 693 2366 3⁸
729 2308 967 2370 quodque
1011 2310 1129 2355 bina
1172 2311 1281 2356 vice
1325 2309 1550 2371 quolibet
1594 2325 1736 2365 anno,
1782 2309 2016 2355 videlicet
2059 2310 2109 2354 in
2154 2309 2408 2371 quindena

371 2372 561 2417 Pasche
601 2375 650 2418 et
688 2373 738 2418 in
778 2373 1032 2434 quindena
1074 2373 1349 2430 Michaelis,
1383 2373 1577 2434 fidelem
1624 2375 1913 2436 compotum
1957 2373 2411 2418 administracionis

368 2440 512 2480 vestre
534 2437 584 2480 in
609 2437 754 2481 bonis
777 2437 932 2495 ipsius
969 2437 1180 2483 ecclesie
1216 2437 1554 2496 spiritualibus
1589 2439 1639 2482 et
1673 2436 2032 2496 temporalibus
2061 2440 2147 2496 per
2182 2451 2259 2482 vos
2279 2436 2412 2495 facte

369 2514 537 2545 coram
562 2499 755 2546 decano
779 2515 866 2546 seu
890 2501 994 2546 eius
1017 2500 1386 2546 locumtenente
1410 2503 1460 2546 et
1482 2501 1640 2546 tribus
1662 2500 1771 2546 aliis
1807 2500 2060 2546 canonicis
2096 2500 2164 2545 ad
2199 2499 2284 2545 hoc
2321 2514 2410 2558 per

369 2563 639 2622 capitulum
663 2563 907 2622 eligendis
941 2565 1146 2610 omnino
1179 2568 1220 2610 et
1255 2565 1322 2610 ad
1356 2564 1512 2609 minus
1547 2564 1783 2621 reddatis,
1808 2567 1956 2624 prout
1990 2564 2194 2623 exigunt
2229 2565 2411 2608 statuta

371 2630 657 2674 memorata.

499 2691 626 2736 Item
649 2693 950 2750 iniungimus
973 2693 1115 2738 vobis
1139 2692 1334 2739 decano
1367 2695 1416 2738 et
1449 2692 1704 2738 canonicis
1736 2691 1978 2737 vniuersis
2013 2690 2328 2750 presentibus
2362 2691 2412 2735 et

368 2754 546 2799 futuris
570 2755 661 2800 sub
685 2756 832 2814 pena⁹
854 2771 1003 2815 supra
1022 2759 1071 2802 et
1095 2755 1461 2816 infrascriptis¹⁰
1477 2771 1540 2802 ne
1558 2755 1747 2816 aliquas
1764 2769 2004 2814 personas
2021 2754 2087 2800 ad
2110 2752 2409 2814 perhendin-

367 2818 553 2863 andum
589 2819 848 2865 vobiscum
885 2819 1013 2865 infra
1048 2820 1314 2879 collegium
1347 2820 1621 2865 admittatis
1644 2820 1693 2864 in
1719 2818 2092 2874 commensales,
2118 2818 2211 2863 nisi
2234 2829 2410 2886 graues

368 2883 467 2926 sint
512 2896 726 2940 persone
771 2883 904 2929 bone
949 2884 1355 2930 conuersacionis
1400 2886 1449 2929 et
1493 2884 1703 2929 honeste
1747 2882 1893 2936 farne,
1934 2882 1999 2927 ad
2037 2879 2197 2943 quasll
2221 2879 2408 2940 quzdem

368 2946 642 3004 personas¹²
675 2961 905 2992 accessus
944 2947 1205 2993 mulierum
1244 2948 1450 2993 omnino
1489 2946 1595 2992 fieri
1634 2946 1959 3005 prohibemus
1999 2949 2048 2990 et
2087 2944 2259 2990 haberi
2282 2941 2411 2988 infra

369 3008 635 3068 collegium
658 3010 980 3056 antedictum.

471 3121 481 3144 ¹
509 3127 552 3158 vt
569 3123 786 3160 cancelled.

469 3172 485 3194 2
510 3173 790 3223 calipodiorum
808 3175 958 3212 altered
978 3181 1018 3212 to
1036 3176 1238 3224 calipodiis
1254 3176 1332 3214 and
1352 3175 1571 3214 cancelled.

469 3222 485 3246 3
511 3227 696 3263 nociuum
715 3226 924 3264 interlined
943 3228 1021 3264 and
1040 3228 1252 3266 cancelled.

469 3274 485 3298 ⁴
511 3276 583 3312 sibi
596 3276 847 3313 adversentur
859 3277 956 3326 quod
972 3278 1187 3315 cancelled.

469 3326 733 3414 ⁵¹¹1121terlined
769 3329 894 3365 above
930 3331 1037 3366 iuxta
1074 3332 1125 3375 (st
1157 3329 1376 3376 cancelled)
1412 3335 1627 3378 expressum
1667 3333 1830 3364 tenorem
1875 3330 2098 3363 statutorum
2133 3329 2174 3360 vt
2207 3322 2418 3372 impediant

367 3390 485 3414 cance
520 3390 540 3414 e
574 3406 581 3414 .

468 3429 483 3452 ⁶
510 3432 665 3466 locumte
684 3429 901 3467 interlined
921 3432 999 3468 and
1017 3431 1232 3470 cancelled.

470 3481 484 3506 ⁷
510 3493 601 3530 exeq
620 3481 804 3519 followed
824 3483 874 3531 by
894 3489 990 3530 exp:
1019 3483 1114 3520 both
1133 3482 1348 3521 cancelled.

468 3532 483 3554 ⁸
513 3532 729 3570 Interlined
749 3534 873 3571 above
892 3537 1108 3579 exprimere
1125 3537 1341 3572 teneamini
1358 3535 1577 3572 cancelled.

472 3582 488 3605 ⁹
517 3585 594 3620 Sic.

458 3632 487 3656 ¹⁰
514 3640 557 3671 vt
576 3637 683 3672 nulli
700 3635 914 3674 cancelled.

457 3684 486 3707 ¹¹
516 3686 677 3724 Altered
698 3687 796 3723 from
814 3699 1001 3736 quarum.

458 3734 488 3759 ¹2
518 3738 681 3778 Altered
700 3738 798 3775 from
810 3745 1084 3793 personarum.
