2488 4296
290 420 397 488 [67
743 411 1226 470 ALNWICK'S
1310 410 1870 470 VISITATIONS

281 574 400 617 tunc
439 570 804 616 Lincolniensis
840 570 1079 629 episcopi,
1105 570 1153 614 in
1180 570 1419 615 comitatu
1445 569 1730 630 Leycestrie
1754 571 2051 629 generalem,
2076 572 2127 617 in
2151 572 2314 618 huius-

282 635 419 680 modi
445 635 655 693 negocio
680 632 1093 689 confirmacionis,
1118 632 1319 679 virtutel
1353 634 1717 680 commissionis
1741 634 1862 680 dicti
1894 649 2052 694 nuper
2076 636 2314 696 episcopi,

283 698 346 744 de
383 713 478 758 qua
513 698 593 743 isti
631 696 931 743 sufficienter
955 700 1006 741 vt
1041 697 1216 742 asserit
1239 697 1513 753 constabat,
1538 697 1834 743 iudicialiter
1857 698 2066 756 sedere3
2099 701 2149 744 et
2181 699 2316 759 quod

280 762 405 808 vidit
442 764 490 807 et
525 761 716 806 audiuit
751 760 940 806 dictum
977 761 1265 819 magistrum
1302 760 1580 821 Johannem
1616 762 2007 807 commissarium
2032 762 2317 809 huiusmodi

281 826 588 872 eleccionem
612 825 715 870 siue
739 824 1140 869 nominacionem
1165 823 1228 870 de
1252 823 1388 869 dicto
1406 823 1559 870 fratre
1581 825 1804 870 Henrico
1821 825 2005 872 factam
2022 827 2317 872 auctoritate

283 889 645 935 commissionis
668 887 895 947 predicte
919 886 1227 942 confirmare,
1253 902 1312 933 ac
1335 888 1498 947 ipsum
1523 887 1737 934 electum
1759 888 1810 933 in
1834 889 2052 948 priorem
2078 890 2199 935 dicti
2217 890 2315 935 loci

281 951 521 1012 preficere
548 969 556 1008 ;
592 955 642 997 et
678 951 815 1013 quod
851 953 966 1010 post
997 950 1092 996 hec
1115 950 1516 1007 commissarius,2
1539 955 1585 997 vt
1607 951 1820 1011 officialis
1842 951 2174 998 archidiaconi
2206 953 2314 1013 Ley-

281 1017 451 1072 cestrie,
478 1016 643 1060 statim
667 1016 855 1076 absque
878 1013 1140 1060 interuallo
1159 1014 1374 1060 eundem
1393 1014 1606 1060 electum
1625 1014 1970 1061 confirmatum
1987 1016 2051 1062 ad
2070 1031 2315 1062 summum

280 1080 435 1125 altare
471 1080 520 1124 in
559 1079 770 1124 ecclesia
806 1078 1123 1124 conuentuali
1159 1077 1383 1124 eiusdem
1407 1079 1653 1138 prioratus
1675 1078 1941 1135 adducere,
1967 1082 2018 1125 et
2041 1082 2216 1139 postea
2249 1080 2314 1126 ad

281 1143 478 1189 stallum
514 1143 693 1202 prioris
728 1143 779 1187 in
817 1142 973 1188 choro
997 1141 1222 1187 eiusdem
1253 1141 1464 1188 ecclesie
1488 1142 1753 1198 deducere,
1779 1146 1829 1188 et
1851 1143 2014 1202 ipsum
2037 1144 2318 1189 auctoritate

281 1207 396 1252 dicti
433 1205 765 1252 archidiaconi
804 1205 1056 1251 installare
1094 1205 1423 1264 personaliter
1466 1206 1517 1250 in
1562 1205 1757 1262 eodem,
1798 1206 1895 1252 isto
1941 1206 2226 1266 deponente
2259 1222 2319 1253 ac

282 1271 461 1316 ceteris
496 1270 806 1316 contestibus
843 1270 942 1314 suis
978 1271 1028 1315 et
1063 1269 1173 1314 aliis
1209 1269 1434 1329 pluribus
1470 1269 1888 1331 subsequentibus
1907 1287 1920 1327 3
1953 1273 2002 1316 et
2026 1270 2148 1316 dicit
2181 1270 2318 1332 quod

282 1349 429 1394 super
454 1333 779 1393 deposicione
803 1348 892 1392 per
916 1331 1043 1389 eum’,
1069 1335 1162 1378 etc.

411 1398 583 1443 Frater
607 1397 891 1442 Willelmus
916 1397 1150 1452 Burtone,
1171 1395 1396 1442 eiusdem
1419 1397 1667 1456 prioratus
1691 1397 1961 1443 canonicus
1978 1396 2247 1457 professus,
2266 1399 2317 1443 in

281 1461 573 1507 sacerdocio
597 1461 907 1516 constitutus,
933 1461 1077 1506 etatis
1099 1460 1150 1505 xl
1171 1474 1415 1506 annorum
1439 1463 1488 1506 et
1511 1460 1736 1520 amplius,
1760 1460 1917 1507 libere
1940 1461 2251 1507 condicionis
2269 1463 2319 1507 et

280 1526 412 1571 bone
442 1524 588 1579 fame,
629 1527 681 1570 vt
720 1524 855 1580 dicit,
896 1524 1036 1569 testis
1075 1523 1334 1579 admissuS,
1375 1524 1561 1569 iuratus
1601 1527 1650 1569 et
1689 1524 1953 1583 diligenter
1992 1525 2316 1579 examinatus,

283 1588 557 1635 concordat
580 1589 630 1633 in
654 1588 908 1647 premissis
927 1602 1039 1633 cum
1058 1587 1287 1646 predicto
1305 1590 1532 1633 conteste
1550 1602 1639 1633 suo
1658 1588 1708 1632 in
1727 1588 1958 1634 omnibus
1983 1606 1992 1645 ;
2028 1589 2127 1634 hoc
2142 1588 2319 1634 addito

282 1652 432 1714 quod,
473 1648 739 1713 p‘ostquam
779 1651 942 1701 dictus
980 1651 1133 1697 frater
1182 1651 1432 1696 Henricus
1484 1652 1556 1696 sic
1607 1651 1700 1696 fuit
1738 1652 2026 1707 installatus,
2077 1654 2179 1697 tam
2225 1653 2318 1698 iste

282 1717 542 1775 deponens
581 1731 730 1777 quam
767 1716 919 1762 ceteri
956 1717 1208 1761 contestes
1260 1715 1334 1760 sui
1383 1717 1433 1760 et
1472 1729 1647 1760 omnes
1687 1714 1751 1761 de
1796 1718 2047 1762 conuentu
2090 1715 2317 1761 fecerunt

282 1779 632 1826 obedienciam
657 1779 794 1825 dicto
818 1780 970 1839 priori
995 1779 1156 1825 electo
1180 1781 1229 1824 et
1252 1779 1503 1824 installato
1526 1779 1693 1825 adhuc
1724 1779 1950 1826 sedente⁸
1971 1780 2022 1825 in
2046 1779 2190 1825 stallo
2214 1793 2318 1835 suo,

282 1847 374 1890 etc.
404 1861 413 1900 ;
450 1846 499 1889 et
524 1843 733 1902 deponit
757 1842 821 1889 de
843 1842 990 1899 fama,
1016 1845 1110 1888 etc.

412 1907 585 1953 Frater
608 1906 860 1968 Johannes
885 1905 1250 1966 Chippenham,
1276 1905 1501 1952 eiusdem
1524 1906 1772 1965 prioratus
1795 1907 2064 1953 canonicus
2087 1920 2320 1966 expresse

282 1970 550 2031 professus
592 1971 643 2016 in
683 1970 975 2017 sacerdocio
1015 1971 1326 2026 constitutus,
1367 1970 1513 2015 etatis
1551 1970 1671 2030 xliiij
1713 1984 1957 2016 annorum
2002 1973 2051 2016 et
2094 1970 2319 2029 amplius,

282 2035 440 2081 libere
483 2034 797 2081 condicionis
835 2037 885 2080 et
925 2034 1055 2079 bone
1094 2033 1240 2089 fame,
1287 2037 1339 2079 vt
1384 2033 1519 2089 dicit,
1560 2034 1701 2079 testis
1745 2034 2004 2091 admissus,
2051 2034 2237 2079 iuratus
2271 2036 2321 2079 et

283 2099 548 2158 diligenter
572 2099 892 2154 examinatus,
919 2097 1192 2143 concordat
1222 2098 1274 2143 in
1297 2098 1552 2157 premissis
1575 2112 1688 2143 cum
1712 2098 1874 2157 primo
1898 2100 2123 2144 conteste
2147 2111 2236 2143 suo
2269 2098 2320 2143 in

283 2163 514 2208 omnibus
539 2180 547 2219 3
585 2162 683 2208 hoc
705 2162 882 2208 addito
905 2161 1039 2222 quod
1076 2161 1239 2207 dictus
1275 2161 1643 2207 commissarius
1679 2160 1992 2207 confirmauit
2015 2161 2321 2207 eleccionem

283 2227 388 2272 siue
425 2227 828 2272 nominacionem
865 2228 913 2271 et
950 2225 1164 2271 electum
1200 2225 1485 2270 huiusmodi
1522 2226 1572 2270 in
1608 2225 1806 2284 scriptis
1842 2225 1906 2271 de
1929 2226 2035 2271 visu
2067 2227 2117 2271 et
2150 2224 2322 2270 auditu

284 2291 384 2335 suis
410 2308 418 2346 ;
456 2293 504 2335 et
530 2290 627 2336 hoc
651 2289 826 2336 addito
850 2288 987 2351 quod
1010 2289 1103 2334 iste
1128 2289 1388 2349 deponens
1422 2288 1694 2334 celebrauit
1717 2289 1929 2348 primam
1951 2289 2153 2334 missam
2177 2303 2316 2334 suam

285 2354 367 2399 die
404 2353 656 2400 dominica
693 2354 921 2413 proxime
962 2353 1186 2412 sequenti
1227 2352 1415 2398 dictum
1452 2352 1794 2398 conuersionis
1830 2352 2027 2409 festum,
2065 2351 2202 2414 quod
2236 2351 2321 2397 illo

282 2432 415 2463 anno
439 2418 762 2477 contingebat
786 2417 868 2464 die
893 2416 1028 2478 Jouis
1054 2434 1062 2473 ;
1100 2419 1149 2462 et
1173 2416 1382 2476 deponit
1406 2415 1470 2462 de
1494 2415 1640 2473 fama,
1667 2417 1759 2462 etc.

411 2566 708 2620 Willelmus,
734 2568 843 2622 etc.,
870 2565 1066 2612 dilectis
1089 2566 1140 2611 in
1165 2565 1367 2612 Christo
1397 2564 1511 2610 filiis
1534 2566 1687 2624 priori
1711 2567 1761 2611 et
1784 2566 2051 2611 conuentui
2076 2565 2323 2626 prioratus

286 2631 350 2677 de
390 2631 626 2691 Kyrkeby
663 2630 848 2686 BeIers,
890 2629 1081 2676 ordinis
1117 2630 1276 2675 sancti
1311 2629 1588 2688 Augustini,
1624 2631 1793 2675 nostre
1833 2628 2062 2686 diocesis,
2098 2629 2321 2685 salutem,

284 2695 503 2754 graciam
526 2697 575 2740 et
599 2693 1030 2740 benediccionem.
1078 2694 1348 2739 Visitantes
1371 2694 1469 2738 iarn
1493 2692 1689 2752 pridem
1711 2707 1801 2739 vos
1824 2695 1874 2739 et
1897 2693 2086 2739 dictum
2104 2695 2323 2739 vestrum

285 2759 569 2818 prioratum,
595 2758 712 2804 licet
748 2772 907 2817 pauca
942 2758 1126 2816 grauia,
1151 2757 1366 2817 quedam
1405 2759 1572 2802 tamen
1611 2756 1733 2802 inibi
1771 2757 2046 2816 reperimus
2086 2757 2320 2803 reforma-

283 2823 427 2868 cione
453 2821 615 2881 digna.
688 2821 794 2867 Has
828 2822 977 2880 igitur
1011 2823 1205 2866 nostras
1241 2820 1583 2866 iniuncciones
1607 2819 1817 2866 nostras⁴
1840 2822 1890 2866 et
1912 2820 2148 2866 mandata
2180 2820 2323 2866 vobis

282 2886 674 2940 transmittimus,
694 2899 784 2944 per
802 2899 904 2941 vos,
923 2888 1164 2944 quatenus
1187 2884 1253 2930 ad
1275 2886 1494 2930 vestrum
1517 2883 1788 2943 quemlibet
1810 2884 2001 2940 attinet,
2027 2883 2321 2930 inuiolabili-

285 2955 360 2995 ter
395 2949 723 2995 obseruanda.

415 3013 472 3057 In
495 3013 668 3071 primis
691 3012 992 3071 iniungimus
1014 3011 1158 3057 vobis
1175 3012 1416 3057 vniuersis
1435 3013 1484 3058 et
1501 3010 1707 3070 singulis
1725 3011 1817 3056 sub
1835 3011 1978 3070 penis
1995 3009 2325 3070 infrascriptis

284 3078 336 3121 vt
359 3076 535 3122 saltem
559 3077 665 3121 sani
690 3079 738 3122 et
762 3078 993 3135 potentes
1017 3077 1067 3120 et
1099 3075 1209 3120 aliis
1243 3075 1573 3121 exterioribus
1596 3075 2018 3134 occupacionibus
2042 3089 2103 3120 ex
2128 3089 2324 3120 necess-

286 3140 391 3185 ario
436 3154 538 3185 non
581 3139 828 3198 impediti⁵
873 3139 1140 3195 matutinis,
1186 3139 1380 3198 magnis
1424 3139 1587 3184 missis
1632 3153 1691 3184 ac
1734 3138 1844 3184 aliis
1888 3138 2025 3183 horis
2070 3137 2325 3183 canonicis

286 3203 614 3262 personaliter
651 3203 902 3260 intersitis,
936 3202 1166 3261 legendo,
1203 3202 1613 3262 psalmodizando
1648 3205 1698 3248 et
1736 3201 1987 3248 cantando
2020 3204 2168 3261 prout
2201 3200 2323 3247 hore

287 3266 571 3312 huiusmodi
607 3270 895 3325 exposcunt.

388 3379 401 3402 1
429 3379 521 3416 dicti
543 3380 758 3417 cancelled.

367 3431 403 3520 d2
431 3433 521 3469 Sic:
551 3432 618 3470 the
647 3433 912 3470 construction
941 3432 1113 3482 requires
1141 3433 1303 3470 eundem
1322 3432 1648 3477 commissarium,
1669 3436 1713 3468 vt
1729 3430 1939 3481 officialem,
1958 3429 2052 3468 with
2072 3429 2260 3468 omission
2288 3430 2334 3468 of

318 3495 366 3520 uo
397 3510 404 3519 .

291 3495 314 3532 q
388 3533 404 3556 ⁸
430 3535 528 3571 Sic:
555 3533 614 3571 for
641 3535 796 3572 sedenti.

388 3584 403 3607 ⁴
430 3586 507 3623 Sic.

386 3636 402 3658 ⁵
427 3636 590 3674 Altered
617 3636 715 3674 from
743 3638 926 3686 expediti.

389 3706 400 3729 ¹
429 3706 516 3743 The
535 3706 778 3744 archdeacon
798 3707 839 3744 in
865 3708 1002 3754 1418—9
1022 3720 1100 3744 was
1132 3706 1306 3745 Richard
1338 3707 1467 3753 Elvet,
1498 3706 1586 3744 who
1617 3706 1835 3743 succeeded
1868 3705 1930 3743 his
1961 3704 2122 3742 brother
2153 3703 2255 3748 John
2287 3717 2330 3742 as

285 3757 529 3794 archdeacon
550 3758 589 3794 in
611 3771 653 3794 or
672 3771 768 3794 soon
790 3759 889 3795 after
912 3768 1007 3804 1404
1029 3761 1108 3807 (see
1129 3758 1184 3796 Le
1206 3758 1319 3796 Neve
1337 3767 1382 3806 ΙΙ,
1402 3758 1464 3804 60,
1483 3758 1564 3805 61),
1585 3758 1662 3794 and
1681 3756 1911 3806 exchanged
1940 3756 2008 3793 the
2038 3755 2330 3804 archdeaconry

285 3809 344 3844 sor
363 3808 429 3845 the
448 3808 594 3845 church
614 3809 655 3845 of
673 3808 915 3857 Sedgefield,
937 3822 992 3847 co.
1019 3809 1209 3855 Durham,
1229 3811 1270 3847 in
1294 3819 1390 3856 1424
1413 3809 1653 3858 (Visitalions
1674 3820 1700 3853 1,
1725 3818 1807 3855 144,
1828 3818 1920 3846 note
1944 3810 1993 3858 1).
2041 3807 2104 3845 He
2122 3819 2200 3844 was
2226 3806 2325 3844 dean

285 3859 325 3897 of
342 3859 407 3896 the
428 3859 622 3897 Newarke
640 3859 808 3909 college,
828 3860 1037 3907 Leicester,
1056 3860 1154 3897 from
1179 3861 1274 3907 1396
1293 3870 1334 3898 to
1353 3861 1413 3899 his
1431 3860 1548 3898 death
1568 3861 1607 3897 in
1630 3869 1737 3907 1431.

2478 778 2488 878 ἱ

2477 894 2488 978 ff
