2488 4296
256 450 343 519 56
716 438 1202 499 ALNWICK’S
1285 434 1850 495 VISITATIONS

264 603 315 648 et
352 615 452 646 non
492 600 782 646 consuetum
821 595 979 642 vsum¹
1017 609 1160 640 versa
1194 596 1283 640 est.
1356 593 1486 639 Petit
1519 592 1669 652 igitur
1702 594 1754 638 vt
1787 591 1922 637 istud
1954 592 2006 638 in
2039 593 2304 653 pristinum

263 679 405 710 vsum
440 663 717 709 reducatur.

393 727 566 772 Frater
587 723 870 770 Willelmus
894 721 1231 781 Conyngesby
1255 719 1377 765 dicit
1401 718 1538 780 quod
1562 718 1731 764 omnia
1754 718 1897 766 bene.

393 790 565 835 Frater
587 787 837 848 Johannes
867 784 1142 844 Ingoldsby
1166 783 1288 829 dicit
1312 782 1451 844 quod
1477 782 1644 828 omnia
1678 782 1822 828 bene.

394 853 565 898 Frater
588 850 839 911 Johannes
864 847 1149 894 Stamforde
1173 846 1295 892 dicit
1318 846 1487 892 omnia
1521 845 1665 891 bene.

393 916 565 961 Frater
591 913 839 959 Henricus
865 911 1088 957 Meltone
1113 910 1235 956 dicit
1257 909 1394 970 quod
1419 909 1587 955 omnia
1610 909 1755 955 bene.

394 979 566 1024 Frater
587 977 809 1021 Thomas
833 973 1174 1035 Swyneshede
1199 973 1322 1018 dicit
1345 971 1410 1018 de
1433 972 1671 1018 absencia
1693 972 1874 1032 prioris
1906 972 1970 1019 de
2007 973 2250 1020 Frestone
2274 989 2304 1020 a

264 1042 377 1088 loco
400 1041 484 1087 illo
509 1041 713 1085 nimium
738 1039 928 1084 nociua.
1000 1037 1130 1083 Petit
1152 1037 1302 1095 igitur
1324 1038 1376 1081 vt
1399 1035 1498 1081 hoc
1537 1035 1848 1092 reformetur,
1889 1037 2007 1097 quia
2045 1051 2164 1082 cura
2202 1051 2304 1083 non

263 1106 422 1164 agitur
445 1106 495 1149 in
519 1103 752 1148 absencia
775 1100 1059 1146 huiusmodi
1082 1101 1133 1145 in
1157 1099 1398 1158 religione
1422 1101 1472 1144 et
1493 1099 1602 1144 aliis
1625 1099 1691 1145 ad
1713 1099 2111 1158 prosperitatem.

393 1168 565 1213 Frater
607 1165 829 1211 Thomas
873 1163 1155 1219 Waldene‚²
1198 1162 1588 1218 elemosinariuS‚
1637 1162 1759 1208 dicit
1803 1162 1941 1224 quod
1985 1177 2048 1209 ex
2101 1163 2305 1225 antiqua

263 1229 622 1277 consuetudine
640 1228 927 1274 monasterii
951 1226 1227 1272 monachus
1251 1226 1301 1271 in
1325 1225 1566 1285 religione
1584 1226 2006 1287 quadragenarius
2023 1227 2158 1272 circa
2178 1229 2301 1273 tem-

263 1294 452 1354 poralia
474 1292 539 1338 ad
563 1294 701 1338 extra
723 1291 802 1338 vel
835 1290 965 1336 infra
998 1305 1099 1335 non
1133 1288 1490 1349 preficeretur3
1533 1292 1583 1335 et
1615 1291 1784 1335 tamen
1818 1290 1964 1335 huius
1997 1290 2303 1336 contrarium

261 1361 425 1403 actum
451 1358 525 1401 est
547 1356 597 1400 in
622 1369 835 1414 persona
859 1369 958 1410 sua,
985 1354 1069 1414 qui
1094 1355 1170 1399 est
1193 1355 1433 1412 prouecte
1457 1354 1615 1399 etatis.

391 1421 563 1465 Frater
585 1418 867 1464 Willelmus
893 1416 1269 1476 Brantyngham
1294 1416 1416 1462 dicit
1440 1416 1578 1478 quod
1602 1417 1770 1462 omnia
1794 1417 1938 1462 bene.

389 1484 561 1528 Frater
584 1482 835 1543 Johannes
860 1479 1202 1541 Swyneshede
1235 1480 1362 1539 petit
1395 1482 1447 1525 vt
1481 1480 1618 1539 prior
1652 1480 1717 1526 de
1754 1481 1998 1526 Frestone
2032 1482 2303 1541 antequam

259 1549 554 1594 exoneretur
593 1545 657 1591 ab
697 1544 862 1591 officio
902 1544 986 1589 illo
1023 1546 1225 1602 reparet
1265 1557 1465 1589 mansos
1505 1544 1831 1590 rectoriarum
1871 1542 2196 1589 ecclesiarum
2226 1544 2299 1590 eis

260 1610 691 1670 approprietarum
716 1611 765 1654 et
788 1608 883 1653 alia
904 1610 1191 1653 tenementa
1213 1607 1524 1666 pertinencia
1547 1606 1616 1652 illi
1641 1607 1766 1654 celle
1788 1610 1891 1652 tam
1909 1606 2044 1666 apud
2064 1606 2300 1664 Burtone,

259 1674 463 1733 Claxby,
488 1672 743 1733 Wylugby
765 1686 914 1733 quam
937 1670 1069 1726 alibi,
1096 1685 1195 1732 que
1218 1684 1451 1730 magnam
1474 1672 1738 1730 paciuntur
1771 1672 1980 1716 ruinam.

390 1738 516 1782 Item
540 1736 661 1781 dicit
684 1735 819 1797 quod
843 1734 979 1780 idem
1002 1735 1138 1793 prior
1162 1737 1237 1780 est
1260 1733 1567 1780 indebitatus
1591 1734 1816 1793 pluribus
1851 1733 2080 1792 personis
2104 1746 2301 1779 monas-

261 1801 372 1846 terii
406 1801 456 1845 in
480 1799 702 1859 pluribus
725 1798 947 1844 summis³
970 1813 1031 1844 ex
1055 1797 1266 1843 diuersis
1301 1798 1476 1855 causis,
1503 1799 1553 1844 et
1585 1798 1930 1857 interpellatus
1963 1796 2028 1843 de
2056 1796 2302 1843 soluendo

261 1864 383 1910 dicit
406 1862 542 1924 quod
566 1862 738 1917 soluet,
764 1862 853 1907 sed
876 1864 1044 1908 tamen
1069 1861 1223 1907 nichil
1246 1861 1407 1907 soluit.

389 1927 514 1972 Item
539 1925 659 1971 dicit
682 1925 818 1987 quod
841 1925 993 1971 frater
1026 1925 1250 1971 Thomas
1291 1924 1637 1985 Benyngtone,
1680 1924 1872 1970 dudum
1911 1923 2199 1970 hostilarius
2238 1937 2303 1969 ex

260 1993 401 2050 parte
425 1992 711 2045 conuentus,
736 1988 969 2034 alienauit
992 1988 1057 2034 ab
1080 1988 1165 2034 illo
1188 1987 1355 2034 officio
1378 1989 1473 2034 tria
1495 1989 1743 2034 coclearia
1776 1991 2013 2048 argentea
2047 1990 2098 2034 et
2130 1987 2302 2034 vsibus

259 2055 358 2099 suis
381 2053 663 2112 applicauit,
690 2055 738 2098 et
761 2053 1026 2113 requisitus
1052 2051 1116 2098 de
1139 2051 1450 2098 restituendo
1474 2066 1575 2098 non
1599 2052 1826 2098 restituit.

389 2116 505 2177 [Fo.
531 2115 635 2176 67.]
709 2116 882 2161 Frater
904 2115 1128 2161 Thomas
1154 2116 1487 2175 Benyngtone
1511 2115 1634 2161 dicit
1657 2115 1794 2177 quod
1818 2116 1988 2161 omnia
2012 2115 2156 2161 bene.

386 2181 558 2226 Frater
582 2179 834 2240 Johannes
859 2178 1144 2240 Croylande
1166 2180 1332 2239 junior
1356 2178 1479 2225 dicit
1503 2178 1639 2240 quod
1663 2179 1831 2224 omnia
1855 2179 1998 2225 bene.

387 2244 559 2289 Frater
582 2243 864 2288 Willelmus
890 2242 1175 2303 Croylande
1200 2242 1323 2288 dicit
1347 2241 1485 2304 quod
1510 2243 1678 2288 omnia
1708 2242 1854 2289 bene.

386 2307 557 2352 Frater
580 2305 831 2367 Johannes
859 2305 1104 2352 Havtofte
1128 2306 1252 2352 dicit
1275 2305 1412 2367 quod
1435 2306 1604 2352 omnia
1627 2306 1772 2352 bene.

387 2371 559 2416 Frater
582 2369 865 2415 Willelmus
889 2370 1231 2430 Swyneshede
1256 2369 1379 2415 dicit
1402 2369 1540 2431 quod
1565 2370 1732 2415 omnia
1756 2369 1900 2416 bene.

387 2434 559 2479 Frater
582 2434 834 2494 Johannes
861 2433 1143 2479 Leuertone
1168 2433 1291 2479 dicit
1313 2432 1452 2494 quod
1476 2433 1645 2478 omnia
1668 2433 1815 2479 bona.

387 2498 558 2543 Frater
581 2497 834 2542 Gilbertus
859 2497 1099 2552 Multone,
1126 2495 1440 2552 senescallus,
1467 2496 1590 2542 dicit
1612 2496 1749 2557 quod
1774 2496 1942 2542 omnia
1964 2496 2107 2542 bene.

388 2561 559 2606 Frater
579 2560 822 2606 Ricardus
843 2560 1070 2606 Multone
1089 2560 1211 2606 dicit
1231 2559 1295 2606 de
1314 2561 1455 2621 equis
1474 2559 1773 2606 exhibendis
1791 2574 1882 2619 per
1900 2559 2302 2606 elemosinarium

259 2626 307 2670 et
330 2625 618 2682 magistrum
641 2638 850 2683 operum
873 2623 1134 2670 monachis
1165 2624 1481 2669 visitantibus
1515 2626 1749 2683 parentes
1783 2626 1833 2669 et
1871 2624 2060 2669 amicos
2096 2637 2213 2668 suos
2252 2625 2302 2668 et

258 2687 365 2733 aliis
390 2688 748 2746 occupantibus
772 2686 936 2733 officia
959 2687 1152 2733 minora
1175 2701 1268 2746 pro
1290 2687 1500 2733 visendo
1526 2687 1871 2747 possessiones
1894 2686 2204 2747 pertinentes
2235 2685 2302 2732 ad

257 2751 339 2796 illa
363 2750 539 2806 officia,
566 2753 614 2796 et
638 2765 737 2796 non
762 2750 1074 2806 exhibentur,
1101 2753 1154 2796 vt
1178 2765 1342 2809 supra.

386 2814 558 2859 Frater
584 2814 826 2859 Ricardus
852 2814 1184 2874 Benyngtone
1208 2814 1331 2860 dicit
1354 2814 1492 2873 quod
1516 2814 1684 2860 omnia
1708 2814 1849 2860 bene.

386 2877 557 2922 Frater
579 2877 830 2938 Johannes
855 2877 1139 2938 Croylande
1162 2877 1287 2923 dicit
1311 2877 1375 2923 de
1398 2878 1635 2923 absencia
1658 2878 1840 2937 prioris
1863 2876 1928 2923 de
1955 2877 2198 2923 Frestone
2235 2875 2301 2922 ab

357 3050 372 3075 ¹
397 3065 435 3089 oc
460 3053 672 3091 cancelled.

356 3100 373 3125 2
398 3116 435 3139 es
462 3104 677 3142 cancelled.

356 3152 372 3177 3
400 3156 440 3192 in
469 3155 683 3194 cancelled.

356 3242 370 3266 ²
398 3243 486 3281 The
505 3252 640 3281 neuter
660 3244 762 3281 istud
777 3244 932 3294 implies
952 3250 961 3267 ‘
974 3245 1054 3283 this
1073 3253 1225 3283 custom
1240 3248 1249 3262 ’
1268 3245 1400 3283 rather
1418 3246 1516 3284 than
1535 3247 1543 3266 ‘
1561 3245 1640 3283 this
1659 3246 1818 3284 house’.

356 3293 374 3317 2
398 3295 495 3332 This
515 3301 678 3342 custom,
697 3309 787 3346 very
800 3299 957 3345 general
977 3298 1017 3335 in
1036 3298 1102 3336 the
1121 3299 1247 3347 larger
1266 3298 1535 3345 monasteries‚
1553 3311 1631 3336 was
1650 3298 1734 3336 said
1752 3298 1805 3346 by
1825 3300 1834 3317 ‘
1847 3296 1984 3345 Ingulf
1993 3296 2002 3312 ’
2021 3302 2062 3334 to
2079 3296 2180 3334 have
2199 3295 2301 3334 been

253 3345 457 3383 instituted
475 3346 525 3395 by
544 3347 746 3395 Turketyl.
803 3349 948 3386 Monks
967 3349 1010 3386 of
1033 3349 1099 3386 the
1119 3349 1221 3386 third
1239 3350 1373 3398 grade,
1395 3350 1462 3387 the
1480 3350 1645 3387 seniores
1664 3350 1754 3387 who
1771 3349 1850 3386 had
1869 3347 2035 3386 reached
2056 3348 2124 3385 the
2141 3346 2300 3385 fortieth

255 3410 346 3446 year
364 3396 407 3434 of
431 3397 530 3434 their
550 3397 776 3447 profession,
796 3412 897 3436 were
917 3401 1085 3438 excused
1104 3401 1203 3438 from
1231 3401 1413 3450 fulfilling
1438 3413 1516 3450 any
1534 3402 1677 3450 charge
1703 3401 1744 3438 in
1771 3400 1893 3450 quire,
1914 3399 2070 3437 cloister
2097 3411 2140 3436 or
2167 3398 2298 3443 frater,

255 3454 395 3497 except
413 3448 567 3496 singing
586 3461 687 3486 mass
714 3449 752 3486 in
782 3450 881 3488 their
908 3463 1055 3488 course.
1133 3452 1178 3488 In
1205 3452 1307 3489 their
1334 3452 1600 3500 forty-second
1626 3465 1718 3501 year
1745 3452 1839 3500 they
1856 3463 1958 3489 were
1984 3449 2173 3488 absolved
2201 3450 2300 3487 from

256 3499 422 3548 holding
452 3512 527 3547 any
559 3499 669 3536 office
699 3500 901 3550 involving
930 3503 1102 3539 external
1135 3503 1326 3549 businesS‚
1358 3505 1421 3540 i.e.
1459 3504 1571 3541 those
1608 3504 1652 3540 of
1685 3504 1874 3553 provisor,
1914 3507 2084 3552 proctor,
2123 3501 2299 3545 cellarer,

256 3552 444 3595 almoner,
470 3556 612 3587 master
630 3551 675 3587 of
697 3551 763 3588 the
781 3553 922 3598 works,
945 3553 1022 3590 and
1042 3554 1244 3602 pittancer.
1266 3560 1476 3605 ‘tanquam
1497 3555 1640 3593 milites
1659 3554 1810 3593 emeriti
1828 3554 1896 3604 qui
1923 3559 2176 3603 portaverunt
2205 3563 2300 3601 pon-

257 3602 328 3639 dus
348 3601 423 3638 diei
443 3608 480 3638 et
500 3607 604 3638 estus
623 3601 662 3638 in
681 3603 838 3639 servitio
858 3604 946 3646 Dei,
969 3610 1006 3642 et
1029 3617 1099 3653 pro
1118 3611 1220 3642 statu
1249 3606 1473 3643 monasterii
1502 3606 1561 3643 sui
1589 3619 1745 3644 carnem
1773 3612 1812 3643 et
1839 3605 2068 3654 sanguinem
2096 3615 2208 3641 suum
2237 3615 2300 3641 ex-

257 3652 505 3702 penderunt'.
545 3653 591 3689 In
613 3652 710 3689 their
727 3653 866 3691 fiftieth
884 3667 986 3702 year,
1001 3668 1043 3692 as
1056 3661 1269 3704 sempectae,
1285 3657 1376 3705 they
1391 3657 1533 3695 retired
1552 3663 1593 3695 to
1607 3670 1630 3694 a
1645 3657 1862 3707 privileged
1880 3656 1946 3694 lise
1964 3655 2004 3692 in
2020 3655 2086 3692 the
2104 3654 2303 3703 infirmary

258 3703 415 3752 (Ingulf,
435 3703 494 3740 ed.
523 3704 650 3748 Bireh,
674 3717 739 3753 pp.
761 3704 822 3752 83,
845 3704 922 3753 84).
993 3706 1079 3743 The
1100 3713 1218 3744 ternis
1239 3708 1279 3744 in
1298 3708 1428 3746 which
1448 3709 1556 3746 these
1575 3709 1782 3758 privileges
1799 3721 1864 3745 are
1883 3706 2089 3745 described
2107 3718 2171 3743 are
2190 3706 2303 3743 those

258 3755 383 3791 which
409 3754 537 3791 would
565 3754 613 3791 be
640 3755 878 3793 understood
906 3756 945 3793 in
973 3757 1038 3794 the
1066 3758 1162 3795 later
1190 3758 1412 3796 fourteenth
1440 3760 1518 3797 and
1545 3759 1724 3798 fifteenth
1751 3759 1960 3805 centuries,
1982 3758 2062 3795 and
2089 3757 2236 3806 belong
2261 3762 2304 3794 to

256 3806 553 3853 developments
573 3806 669 3842 later
691 3806 783 3843 than
805 3807 871 3844 the
890 3808 983 3844 time
1002 3808 1047 3844 of
1068 3809 1134 3845 the
1152 3809 1350 3847 historical
1373 3811 1516 3858 Ingulf.

355 3854 371 3878 ³
396 3856 483 3894 The
502 3856 689 3895 churches
706 3855 824 3909 given
852 3864 892 3896 to
920 3858 952 3895 F
955 3858 1099 3897 rieston
1125 3860 1255 3910 priory
1273 3861 1326 3911 by
1344 3860 1393 3899 its
1411 3861 1595 3900 founders
1614 3874 1717 3901 were
1736 3862 1847 3900 those
1866 3861 1910 3900 of
1933 3860 2128 3906 Frieston,
2150 3859 2302 3898 Butter-
