2476 4412
285 436 362 491 24
733 406 1220 469 ALNWICK'S
1302 401 1866 462 VISITATIONS

283 572 529 620 adulterio
552 585 666 617 curn
692 569 851 615 Elena
875 567 984 614 Cok
1007 566 1071 612 de
1106 565 1306 624 Tumby
1329 533 1608 622 coniugata,
1633 560 1866 620 purgauit
1899 574 1954 606 se
1987 574 2101 606 cum
2133 560 2320 618 Yorke,

284 635 565 696 Croylande
588 637 638 680 et
667 633 922 690 Parteney.
1777 687 1805 695 ..

413 698 478 744 Et
501 697 788 744 continuata
813 697 887 740 est
909 692 1135 738 visitacio
1158 704 1314 752 vsque
1337 690 1440 750 xiiij
1467 687 1806 747 diem‘Marcij
1832 687 2061 746 proxime
2085 686 2321 735 futurum.

410 781 582 826 Frater
605 777 885 824 Willelmus
911 773 1194 833 Langtofte.

411 844 584 889 Frater
606 840 887 887 Willelmus
909 838 1092 884 Yorke.

409 907 580 952 Frater
603 904 855 965 Johannes
883 901 1030 947 Hole.

411 969 583 1015 Frater
621 966 863 1013 Ricardus
901 965 1145 1024 Parteney
1167 963 1317 1021 fregit
1349 963 1477 1008 ostia
1499 961 1702 1007 cellarie
1725 963 1776 1007 et
1799 960 2036 1007 alienauit
2059 961 2323 1008 ceruisiam

281 1035 331 1080 et
353 1034 518 1079 cetera
542 1031 728 1077 cibaria
749 1031 924 1075 contra
947 1027 1325 1074 ordinacionem
1348 1041 1438 1085 per
1463 1025 1723 1071 dominum
1749 1024 1815 1071 de
1833 1038 2083 1071 consensu
2099 1026 2321 1072 omnium

283 1109 480 1156 appunc
489 1092 727 1156 [tuatam]
738 1130 747 1139 .

411 1178 582 1223 Frater
617 1175 867 1237 Johannes
906 1174 1081 1234 Bracy,
1107 1175 1294 1219 iuratus
1332 1172 1396 1218 de
1432 1172 1695 1218 veritatem
1719 1171 1939 1217 dicendo
1962 1186 2113 1231 super
2135 1171 2319 1233 inquir-

280 1241 423 1287 endis
445 1240 510 1286 ab
534 1239 726 1294 eodem,
746 1240 1078 1295 interrogatus
1100 1251 1164 1282 an
1187 1251 1403 1297 vnquam
1428 1235 1573 1281 sciuit
1595 1235 1675 1281 vel
1698 1235 1888 1280 audiuit
1914 1235 2134 1282 Bartone
2152 1234 2322 1282 dicere

280 1304 416 1366 quod
443 1303 674 1348 dominus
711 1301 976 1348 Cromwell
1010 1299 1273 1360 scopa[ret
1307 1297 1674 1359 pauimentum]
1714 1299 1793 1344 vel
1817 1298 1955 1360 quod
1978 1298 2143 1359 capud
2177 1313 2335 1353 suum,

282 1369 636 1426 sincoparetur,
663 1365 785 1410 dicit
821 1364 958 1425 quod
989 1364 1060 1409 sic
1085 1381 1094 1419 ;
1132 1366 1181 1409 et
1217 1363 1317 1408 hoc
1354 1364 1404 1408 in
1440 1362 1612 1407 Vltima
1634 1377 1780 1423 yeme
1803 1363 1854 1408 in
1879 1363 2076 1409 camino
2099 1363 2151 1408 in
2185 1376 2320 1408 com-

279 1431 413 1475 muni
457 1430 584 1484 1000,
625 1428 860 1474 audiente
904 1427 1000 1472 isto
1047 1427 1210 1487 Bracy
1254 1428 1305 1472 et
1352 1425 1657 1484 Langtofte;
1711 1428 1761 1472 et
1800 1440 1891 1485 per
1930 1425 2026 1472 hec
2071 1424 2318 1487 [verba];

281 1492 606 1539 ‘Cromwelle
629 1507 761 1538 nunc
786 1491 1122 1548 thesaurarius
1159 1489 1388 1548 scopabit
1424 1490 1766 1549 pauimentum
1800 1489 1928 1535 sicut
1962 1490 2116 1536 ceteri
2150 1489 2235 1551 qui
2268 1489 2320 1534 in

278 1556 457 1603 eodem
491 1555 655 1601 officio
689 1553 946 1600 fecerunt!
1016 1554 1355 1612 Interrogatus
1386 1567 1450 1599 an
1474 1553 1620 1599 sciuit
1658 1553 1879 1599 Bartone
1901 1552 2069 1600 facere
2101 1552 2320 1615 aliquam

285 1619 576 1681 [monetam‚
604 1617 751 1679 dicit]
780 1617 917 1679 quod
940 1631 1055 1663 non.

409 1703 581 1748 Frater
603 1701 884 1747 Willelmus
910 1700 1178 1760 Langtofte
1201 1701 1389 1746 iuratus
1414 1702 1463 1746 et
1486 1701 1822 1759 interrogatus
1845 1699 1992 1746 simili
2016 1699 2172 1746 modo
2195 1699 2320 1746 dicit

276 1765 412 1827 quod
435 1766 519 1822 sic,
545 1767 593 1811 et
617 1765 713 1810 hoc
738 1764 948 1810 diuersis
970 1764 1164 1810 vicibus
1187 1767 1289 1810 tam
1314 1765 1366 1810 in
1390 1766 1549 1810 estate
1576 1779 1726 1826 quam
1749 1765 1801 1810 in
1824 1779 1971 1824 yeme
2002 1763 2317 1824 temporibus

278 1828 585 1875 refeccionis.
655 1828 938 1890 Requisitus
968 1826 1202 1889 [quibus]
1232 1827 1564 1887 presentibus,
1591 1827 1876 1889 dicitquod
1899 1828 2110 1887 ignorat.

407 1925 579 1970 Frater
601 1924 882 1970 &villelmus
906 1923 1158 1984 Croyland
1194 1924 1380 1969 iuratus
1404 1926 1453 1969 et
1477 1924 1811 1983 interrogatus
1834 1923 1982 1969 simili
2006 1922 2161 1969 modo
2196 1922 2320 1970 dicit

276 1987 412 2050 quod
448 1988 532 2043 sic,
559 1990 607 2034 et
643 1987 740 2033 hoc
778 1987 987 2033 diuersis
1023 1987 1217 2033 vicibus
1252 1990 1354 2032 tam
1392 1987 1443 2033 in
1468 1990 1624 2033 estate
1648 2002 1798 2049 quam
1828 2002 1973 2047 yeme
2006 1987 2319 2046 temporibus

276 2051 583 2097 refeccionis.
655 2050 1023 2112 [Interrogatus
1059 2049 1149 2111 an]
1192 2051 1331 2096 nouit
1367 2065 1481 2097 eum
1517 2050 1697 2097 fecisse
1733 2053 2001 2106 monetam,
2028 2050 2151 2096 dicit
2181 2050 2320 2112 quod

278 2129 377 2160 non
399 2128 408 2159 ε
447 2114 567 2160 (11011
590 2117 747 2159 tamen
770 2114 907 2175 quod
929 2114 1121 2160 audiuit
1144 2115 1310 2174 ipsum
1334 2129 1483 2174 super
1506 2114 1604 2160 hoe
1630 2113 1985 2171 diffamatum,1
2008 2115 2058 2159 et
2092 2113 2191 2160 hoc
2227 2128 2320 2173 per

277 2179 548 2224 seruientes
571 2178 724 2237 ipsius
754 2177 976 2239 [Thome
1013 2213 1023 2223 .
1063 2213 1072 2223 .
1113 2213 1122 2223 .
1165 2176 1204 2238 .]
1232 2178 1386 2238 peciit
1409 2178 1472 2224 ab
1496 2178 1679 2224 eodem
1703 2178 1923 2224 Bartone
1946 2177 2157 2224 veniam.

405 2270 576 2316 Frater
605 2270 886 2316 Willelmus
922 2270 1090 2316 Yorke
1113 2271 1301 2316 iuratus
1323 2273 1374 2316 et
1397 2271 1732 2330 interrogatus
1758 2270 1905 2316 simili
1929 2269 2084 2316 modo
2108 2283 2318 2316 concor-

276 2332 362 2378 dat
384 2348 497 2379 cum
519 2333 628 2379 aliis
652 2335 788 2393 prius
813 2335 997 2390 iuratis,
1022 2334 1341 2394 presentibus
1365 2333 1631 2395 Croyland,
1661 2333 1932 2393 Langtofte
1956 2336 2005 2380 et
2029 2333 2151 2380 aliis.

404 2415 575 2461 Frater
616 2416 863 2462 Henricus
901 2417 1143 2464 Lincolne
1179 2418 1366 2463 iuratus
1403 2419 1453 2462 et
1476 2416 1623 2462 simili
1648 2416 1803 2463 modo
1827 2418 2164 2476 interrogatus
2198 2431 2317 2463 con-

275 2477 451 2524 cordat
486 2493 598 2524 cum
634 2479 754 2537 aliis,
781 2480 879 2526 hoc
916 2480 1092 2527 addito
1129 2480 1266 2542 quod
1302 2479 1494 2527 audiuit
1532 2480 1751 2527 Bartone
1789 2481 1861 2526 510
1898 2480 2068 2527 dicere
2105 2480 2318 2527 diuersis

273 2541 464 2587 vicibus
488 2543 647 2588 eciam
670 2544 798 2589 inter
828 2543 1172 2605 [seculares].‘³

404 2625 575 2733 Flrater
599 2626 850 2687 Johannes
891 2627 1021 2673 Hale
1044 2628 1230 2674 iuratus
1255 2629 1306 2674 et
1329 2628 1477 2673 simili
1501 2627 1656 2674 modo
1679 2628 2018 2687 interrogatus
2042 2627 2319 2674 concordat

276 2701 389 2733 cum
411 2702 440 2733 a
461 2703 532 2735 115.

404 2770 575 2817 Frater
614 2772 855 2819 Ricardus
894 2775 1139 2835 Parteney
1174 2775 1361 2820 iuratus
1397 2777 1447 2820 et
1470 2774 1617 2820 simili
1654 2774 1808 2821 modo
1831 2776 2165 2834 interrogatus
2199 2789 2314 2821 con-

274 2832 449 2878 cordat
474 2849 587 2880 cum
610 2836 729 2892 aliis,
757 2836 930 2883 dicens
952 2841 1004 2883 vt
1028 2839 1182 2884 ceteri
1216 2837 1558 2897 deposuerunt
1582 2856 1591 2895 ;
1628 2841 1678 2884 et
1702 2841 1776 2884 est
1813 2838 2068 2884 hereditas
2090 2838 2314 2885 thesaur·

273 2897 486 2942 ariorum
531 2897 709 2957 Anglie
760 2899 1022 2962 [scopare]
1072 2902 1430 2961 pauimentum,
1471 2901 1716 2948 inducens
1761 2903 1812 2947 in
1857 2901 2143 2961 exemplum
2177 2901 2315 2964 quod

273 2959 476 3031 quidam
513 2961 744 3007 dominus
787 2964 937 3023 Hugo
975 2965 1222 3024 Spensere
1259 2966 1343 3027 qui
1379 2965 1473 3011 fuit
1509 2965 1859 3024 thesaurarius,
1886 2968 1936 3012 et
1958 2979 2048 3026 per
2082 2965 2316 3012 dominos

273 3035 411 3081 regni
435 3037 551 3082 rege
576 3028 714 3071 extra
737 3041 946 3086 regnum
969 3031 1150 3087 agente
1175 3027 1551 3090 de[ca]pitatus
1575 3029 1681 3075 fuit.

373 3131 387 3155 ¹
415 3135 667 3183 interrogatus
692 3137 908 3176 cancelled.

373 3182 390 3207 2
415 3183 513 3244 This
532 3187 636 3223 word
656 3187 688 3224 is
709 3190 996 3240 conjecturally
1016 3191 1213 3242 supplied,
1233 3192 1302 3230 but
1321 3191 1352 3229 it
1372 3204 1498 3229 seems
1517 3191 1623 3229 clear
1642 3191 1729 3229 that
1748 3191 1780 3229 it
1798 3192 1830 3230 is
1849 3191 1916 3230 the
1935 3204 2010 3230 0110
2031 3191 2196 3230 needed.
2241 3191 2318 3231 See

275 3232 416 3272 Rose's
435 3236 623 3275 evidence
644 3238 784 3277 below.

375 3321 386 3346 ¹
418 3323 454 3360 It
487 3324 519 3361 is
551 3333 620 3363 not
652 3327 755 3365 clear
786 3328 875 3379 why
906 3331 1161 3369 memoranda
1190 3332 1233 3369 of
1257 3332 1368 3372 these
1397 3346 1532 3372 names
1561 3332 1706 3370 should
1735 3333 1836 3372 have
1866 3334 1965 3373 been
1997 3333 2113 3373 made
2144 3333 2314 3371 without

270 3371 422 3430 {urther
440 3386 650 3434 comment.
709 3378 741 3415 It
762 3379 839 3416 will
860 3381 907 3419 be
925 3382 1083 3421 noticed
1102 3383 1189 3420 that
1210 3393 1353 3423 matter
1370 3392 1440 3421 not
1459 3384 1689 3434 previously
1707 3384 1894 3423 included
1914 3398 2063 3434 among
2089 3385 2158 3424 the
2176 3385 2315 3424 detecta

272 3435 306 3460 15
326 3423 434 3462 dealt
452 3426 546 3463 with
565 3440 605 3464 m
626 3428 704 3465 this
723 3430 880 3476 portion
899 3432 940 3469 of
965 3433 1032 3472 the
1051 3435 1237 3472 1111011105.

373 3473 390 3497 2
419 3475 563 3525 Ralph,
586 3479 669 3516 lord
690 3479 914 3527 Cromwell,
935 3483 1023 3521 who
1042 3485 1163 3522 about
1182 3486 1262 3523 this
1281 3486 1378 3524 time
1398 3486 1476 3523 had
1495 3486 1717 3536 completed
1739 3485 1800 3524 his
1818 3494 1931 3536 great
1948 3488 2079 3524 works
2097 3496 2138 3525 at
2157 3486 2315 3525 Tatter-

273 3524 374 3583 shall
403 3527 535 3566 castle.
607 3529 671 3568 He
701 3531 778 3568 had
808 3533 968 3572 become
999 3544 1194 3574 treasurer
1223 3537 1264 3574 of
1300 3537 1486 3587 England
1516 3538 1555 3575 in
1590 3547 1699 3585 1433,
1730 3544 1770 3575 at
1797 3552 1819 3575 a
1846 3538 1998 3576 critical
2026 3539 2164 3587 period
2184 3538 2225 3576 in
2244 3538 2314 3578 the

270 3578 446 3638 natioonal
469 3577 652 3626 finauces,
673 3581 749 3618 and
768 3585 952 3632 resigned
972 3585 1034 3622 his
1055 3586 1166 3626 office
1185 3587 1225 3624 in
1245 3588 1340 3638 July
1363 3598 1471 3635 1443.

371 3638 386 3685 *s
413 3627 499 3667 The
528 3630 668 3678 phrase
694 3631 726 3668 is
754 3633 930 3682 obscure,
949 3637 1026 3673 and
1054 3637 1121 3676 the
1149 3639 1253 3675 word
1280 3645 1450 3687 scoparet
1475 3652 1566 3689 may
1585 3639 1764 3689 possibly
1783 3641 1832 3679 be
1858 3645 2034 3688 stoparet.
2113 3640 2159 3678 In
2188 3640 2316 3680 either

270 3688 357 3715 case
375 3687 404 3715 it
424 3692 588 3737 appears
605 3691 646 3718 to
667 3683 713 3721 be
727 3684 827 3741 ‚used
846 3684 1108 3737 figuratively.
1181 3689 1268 3728 The
1287 3698 1482 3729 treasurer
1500 3690 1632 3728 would
1661 3691 1708 3729 be
1729 3692 1902 3738 brought
1922 3691 1996 3728 low
2015 3692 2115 3728 from
2135 3691 2197 3729 his
2214 3691 2314 3741 high

272 3735 424 3767 estate:
452 3731 483 3788 ιζ’
507 3731 572 3768 the
590 3733 698 3789 word
725 3747 756 3771 15
774 3740 948 3785 stoparet,
968 3738 997 3773 it
1018 3751 1151 3776 means
1171 3740 1256 3777 that
1284 3741 1346 3778 his
1377 3741 1471 3778 dust
1498 3741 1630 3779 would
1665 3751 1755 3790 stop
1787 3742 1899 3781 holes
1930 3742 1971 3779 in
2003 3743 2071 3780 the
2105 3742 2205 3780 floor
2234 3743 2315 3781 like

270 3777 357 3815 that
377 3780 418 3816 of
443 3782 678 3830 ‘imperious
698 3784 866 3822 Caesar'
899 3788 937 3824 in
959 3788 1244 3838 Shakespeare,
1264 3793 1433 3837 Hamkt,
1453 3801 1494 3837 V,
1514 3793 1537 3838 i,
1560 3792 1646 3842 236.
1721 3792 1799 3830 Mr.
1823 3792 1999 3831 Coulton
2021 3802 2209 3842 suggests
2227 3793 2315 3830 that

272 3835 435 3881 scoparet
443 3836 703 3883 pavlmcntum
719 3848 808 3889 may
823 3837 955 3876 allude
975 3847 1016 3876 to
1030 3839 1096 3878 the
1112 3850 1264 3880 custom
1281 3842 1324 3880 of
1339 3843 1515 3892 drawing
1532 3856 1698 3897 persons
1717 3844 1966 3885 condemned
1985 3854 2026 3883 to
2046 3846 2093 3885 be
2110 3844 2315 3886 beheaded
