2488 4296
300 406 419 466 175
749 391 1239 448 ALNWICK’S
1323 390 1889 449 VISITATIONS

301 551 350 596 xl
367 566 417 605 S.,
444 552 493 595 et
516 564 581 594 xx
603 564 636 594 S.
662 548 726 594 de
750 548 1017 608 Wylstone
1043 566 1051 602 ;
1089 551 1139 594 et
1179 548 1368 594 habent
1403 548 1542 594 duas¹
1573 562 1792 604 carucas,
1817 548 2125 609 aliquociens
2158 551 2259 595 tres
2291 550 2343 595 in

300 615 535 674 prioratu.

430 687 556 731 Item
582 685 704 730 dicit
727 684 865 745 quod
889 684 1076 730 habent
1101 685 1261 730 solum
1285 685 1349 745 vij
1376 685 1651 730 seruientes
1667 684 1915 730 seculares
1933 685 1983 730 in
2000 685 2166 732 domo.
2216 687 2343 732 Item
2379 679 2394 686 ⁵

300 751 422 796 dicit
445 749 581 810 quod
606 748 810 794 domina
835 748 898 793 de
922 747 1147 808 Audeley
1171 747 1362 793 ibidem
1393 747 1766 807 perhendinans
1790 747 1942 793 habet
1966 763 2197 807 magnam
2221 750 2343 795 mul·
2399 747 2404 751 ’
2469 803 2476 813 ,

299 813 565 859 titudinem
590 827 782 866 canum,
809 813 859 855 in
882 814 1075 856 tantum
1110 811 1247 872 quod
1283 826 1395 857 cum
1433 812 1626 857 venerit
1663 811 1729 856 ad
1769 811 2032 857 ecclesiam
2071 816 2344 873 sequuntur

299 892 410 923 eam
448 876 514 935 xij
558 890 721 928 canes,
763 875 847 936 qui
889 874 1078 920 faciunt
1117 888 1351 933 magnum
1387 875 1651 934 strepitum
1688 875 1737 919 in
1763 875 1990 930 ecclesia,
2017 876 2343 934 impediendo
2376 904 2380 907 -

230 966 237 972 ·
299 940 583 1000 psallentes,
610 942 659 984 et
684 938 924 983 moniales
949 952 1011 982 ex
1035 938 1133 983 hoc
1157 937 1435 983 redduntur
1457 938 1682 984 attonite.

428 1013 554 1058 Item
578 1011 701 1057 dicit
724 1011 859 1072 quod
885 1011 1063 1056 domus
1086 1011 1391 1057 indebitatur
1414 1012 1464 1056 in
1488 1012 1504 1057 1
1528 1011 1576 1058 li.

430 1076 557 1121 Item
581 1075 703 1120 dicit
726 1074 863 1136 quod
887 1075 1123 1134 priorissa
1154 1074 1327 1120 vltima
1364 1075 1595 1120 vendidit
1633 1090 1782 1120 vnum
1821 1075 2106 1120 corrodium
2144 1076 2342 1122 cuidam

298 1140 514 1201 Johanni
541 1139 826 1198 Fraunceys
851 1142 899 1183 et
923 1138 1046 1184 eius²
1069 1139 1208 1183 vxori
1233 1153 1325 1197 pro
1359 1153 1426 1184 xx
1459 1139 1653 1194 marcis,
1689 1139 1774 1199 qui
1810 1142 2143 1198 perceperunt
2177 1139 2342 1185 huius-

301 1203 437 1249 modi
463 1202 749 1263 corrodium
774 1216 861 1247 sex
884 1203 1042 1247 annis.

427 1267 555 1311 Item
579 1266 701 1311 dicit
725 1266 861 1326 quod
886 1264 1129 1310 moniales
1152 1265 1269 1310 bine
1293 1265 1360 1311 et⁸
1383 1265 1500 1311 bine
1522 1267 1696 1311 tenent
1731 1265 1956 1310 diuersas
1995 1265 2208 1312 familias
2246 1266 2343 1312 dis-

298 1330 480 1375 tinctas
504 1344 592 1388 per
616 1343 682 1383 se,
709 1329 799 1374 sed
822 1332 874 1374 vt
898 1328 1316 1374 dicit‘comedunt
1339 1330 1475 1374 omni
1498 1328 1581 1374 die
1604 1330 1654 1374 in
1679 1328 1961 1374 refectorio.

431 1394 558 1438 Item
583 1392 705 1438 dicit
729 1392 865 1453 quod
889 1393 1102 1451 ipsamet
1127 1392 1279 1438 habet
1302 1395 1403 1438 tres
1430 1393 1663 1438 mulieres
1697 1407 1866 1438 secum
1902 1391 2344 1451 perhendinantes,

300 1460 350 1502 et
374 1457 705 1516 suppriorissa
729 1471 891 1501 Vnam

431 1521 557 1565 Item
583 1519 704 1565 dicit
728 1519 865 1580 quod
890 1519 1132 1564 moniales
1155 1519 1308 1564 nichil
1333 1520 1618 1578 percipiunt
1634 1519 1698 1565 de
1723 1519 1876 1565 domo
1901 1520 1993 1564 nisi
2019 1520 2273 1566 esculenta
2296 1523 2345 1566 et

300 1583 582 1642 poculenta,
609 1586 658 1628 et
682 1584 895 1642 ipsamet
918 1585 1056 1628 tenet
1079 1597 1227 1627 Vnam
1251 1582 1491 1628 familiam
1515 1597 1606 1642 per
1629 1598 1711 1638 se3
1745 1586 1794 1628 et
1818 1582 1941 1628 dicit
1975 1584 2111 1645 quod
2146 1598 2346 1629 annona
2402 1645 2406 1648 ἢ
2475 1599 2488 1646 ,j

301 1646 568 1692 deficiebat
593 1647 663 1691 eis
688 1647 783 1691 hiis
809 1646 1004 1691 duobus
1027 1647 1185 1691 annis

429 1711 646 1755 Domina
684 1710 778 1770 Joh
783 1725 912 1754 anna
950 1710 993 1754 F
997 1712 1128 1761 tone
1167 1710 1513 1768 suppriorissa,
1555 1710 1678 1755 dicit
1723 1709 1860 1771 quod
1904 1712 2132 1770 tempore
2175 1711 2346 1756 vltime

297 1775 534 1834 priorisse
557 1777 845 1819 tenementa
880 1773 945 1818 ad
983 1776 1121 1818 extra
1145 1774 1385 1832 patebant
1409 1775 1563 1830 ruine,
1590 1776 1639 1819 et
1663 1773 1861 1819 edificia
1885 1774 1949 1819 ad
1983 1774 2113 1820 infra
2138 1787 2346 1834 magnos

300 1837 627 1897 paciebantur
651 1836 879 1882 defectus
902 1837 951 1881 in
976 1837 1182 1881 tecturis
1206 1840 1256 1882 et
1279 1838 1401 1883 aliis.

431 1902 557 1945 Item
583 1900 704 1945 dicit
728 1900 864 1961 qnod
889 1900 1093 1945 domina
1118 1900 1181 1945 de
1205 1900 1432 1960 Audeley
1455 1900 1603 1946 soluit
1626 1901 1882 1946 annuatim
1906 1915 1998 1960 pro
2023 1901 2176 1947 domo
2199 1915 2347 1963 quam

299 1964 545 2009 inhabitat
569 1963 697 2008 infra
722 1965 995 2022 prioratum
1019 1963 1067 2008 xl
1091 1978 1140 2018 s.,
1166 1966 1215 2009 et
1239 1964 1520 2023 reparando
1545 1964 1750 2009 domum
1773 1964 1923 2009 illam.

430 2028 647 2072 Domina
670 2027 900 2088 Johanna
923 2027 1096 2086 Groby
1122 2027 1243 2072 dicit
1267 2027 1404 2089 quod
1428 2028 1645 2089 quedam
1674 2027 1916 2073 moniales
1950 2030 2151 2073 vtuntur
2185 2027 2348 2087 peplis

301 2091 365 2137 de
399 2092 580 2137 cerico.

434 2163 535 2225 [Fo
582 2162 749 2224 108d.]
823 2164 1041 2209 Domina
1065 2163 1252 2210 Cecilia
1278 2164 1554 2223 Folgeham
1578 2163 1717 2210 dieit⁴
1750 2164 1815 2210 ad
1859 2165 2051 2210 Pascha
2073 2164 2138 2210 ad
2162 2179 2347 2210 annum

300 2228 536 2287 priorissa
560 2227 787 2273 vendidit
810 2228 1019 2273 boscum
1043 2227 1223 2273 domus
1245 2227 1310 2273 ad
1334 2227 1552 2273 valorem
1576 2243 1642 2273 xx
1659 2228 1709 2274 li.

432 2292 558 2336 Item
584 2291 705 2336 dicit
730 2291 794 2336 de
818 2292 1026 2336 canibus
1050 2287 1254 2337 domine
1279 2291 1343 2336 de
1377 2291 1603 2352 Audeley
1637 2294 1690 2336 vt
1724 2306 1904 2350 supra3
1942 2295 1991 2337 et
2025 2293 2161 2353 quod
2195 2293 2350 2339 nichil

302 2355 584 2414 percipiunt
630 2354 693 2399 de
739 2354 889 2399 domo
935 2354 999 2399 ad
1045 2355 1292 2409 vestitum,
1335 2358 1383 2400 et
1419 2355 1556 2416 quod
1595 2356 1742 2401 amici
1782 2356 1856 2400 sui
1894 2355 2142 2401 dederunt
2176 2356 2347 2402 domui

299 2419 502 2479 quando
527 2420 783 2463 tonsurata
805 2418 898 2463 fuit
921 2433 954 2463 x
977 2433 1183 2474 marcas,
1209 2433 1311 2463 non
1334 2421 1502 2464 tamen
1528 2433 1590 2464 ex
1613 2419 1971 2464 conuencione.

432 2482 556 2527 Item
582 2481 704 2526 dicit
728 2481 883 2542 quod⁵
908 2482 1062 2537 Lune,
1084 2482 1335 2538 Mercurii,
1351 2482 1560 2528 Veneris
1585 2485 1633 2527 et
1658 2482 1863 2527 Sabbati
1887 2482 2041 2528 nichil
2066 2483 2349 2542 percipiunt

302 2545 366 2591 de
392 2545 544 2590 domo
569 2545 633 2590 ad
658 2560 896 2590 mens-am.

431 2609 648 2654 Domina
674 2609 958 2668 Margareta
984 2608 1373 2668 Mountgomery
1398 2608 1520 2654 dicit
1544 2609 1681 2670 quod
1714 2610 1952 2668 priorissa
1986 2624 2100 2655 raro
2123 2611 2261 2656 venit
2283 2609 2350 2655 ad

301 2671 518 2730 capitula
540 2671 770 2717 tenendax

433 2735 560 2780 Item
584 2734 868 2796 dicitquod
891 2735 1129 2794 priorissa
1153 2750 1252 2781 non
1278 2736 1408 2781 iacet
1445 2735 1509 2781 de
1546 2739 1696 2782 nocte
1732 2737 1783 2782 in
1820 2736 2130 2794 dormitorio,
2168 2736 2259 2783 sed
2297 2738 2348 2782 in

300 2813 500 2844 camera
523 2813 610 2843 sua
633 2799 841 2857 priuata.

432 2862 559 2907 Item
605 2862 727 2907 dicit
771 2863 910 2923 quod
955 2862 1204 2908 seculares
1247 2862 1389 2921 pueri
1434 2863 1599 2909 iacent
1644 2862 1709 2908 de
1753 2867 1901 2909 nocte
1947 2865 1997 2908 in
2038 2863 2347 2919 dormitorio,

301 2924 500 2971 femelle
524 2928 730 2971 tantum.

431 2989 648 3034 Domina
675 2988 970 3034 Elizabetha
996 2989 1299 3049 Bonyngton
1325 2988 1447 3034 dicit
1482 2988 1547 3035 de
1581 2989 1880 3036 vendicione
1915 2991 2055 3036 bosci
2091 2991 2207 3036 bina
2239 2991 2349 3037 vice

301 3065 586 3111 grossarum
610 3052 845 3097 arborum
870 3052 934 3098 de
957 3066 1206 3098 consensu
1231 3055 1522 3110 conuentus,
1547 3053 1721 3098 vltimo
1739 3054 1804 3098 ad
1819 3068 1885 3098 xx
1903 3068 2096 3100 marcas
2117 3070 2128 3110 ;
2162 3057 2212 3100 et
2227 3054 2349 3099 dicit

301 3115 439 3176 quod
463 3115 617 3160 nichil
641 3116 925 3175 percipiunt
949 3115 1014 3162 de
1037 3116 1289 3162 subbosco
1314 3115 1493 3161 domus
1516 3116 1581 3161 ad
1604 3117 1792 3162 cibaria
1816 3131 1904 3162 sua
1937 3116 2288 3177 preparanda.⁶

431 3179 559 3223 Item
605 3178 727 3224 dicit
772 3178 910 3239 quod
955 3179 1095 3225 bosci
1141 3182 1256 3239 post
1301 3179 1634 3226 succisionem
1670 3194 1770 3226 non
1811 3180 2124 3236 clauduntur,
2176 3183 2226 3227 et
2277 3180 2348 3226 sic

301 3242 496 3301 stipites
519 3245 839 3328 renascentes
863 3242 1200 3288 destruuntur.

404 3353 418 3377 ¹
451 3355 558 3392 Cura
575 3354 790 3392 cancelled.

403 3403 420 3427 2
448 3405 540 3443 Sora
558 3406 771 3443 cancelled.

403 3455 420 3478 ⁸
442 3456 503 3493 Be
521 3457 735 3494 cancelled.

402 3505 418 3529 ‘¹
445 3509 532 3544 Sic:
561 3510 665 3557 quod
687 3508 866 3546 omitted.

404 3556 420 3580 ⁵
448 3559 537 3596 Si:c
557 3560 687 3596 diebus
706 3559 885 3597 omitted.

402 3607 418 3631 ⁶
446 3610 492 3647 In
508 3610 575 3648 the
589 3610 739 3660 margin
752 3611 970 3648 Nicholaus
982 3612 1281 3659 Mountgomery
1294 3612 1478 3659 armiger,
1493 3611 1685 3661 probably
1702 3612 1769 3650 the
1785 3612 1994 3661 purchaser
2006 3617 2047 3649 at
2061 3612 2127 3650 the
2143 3615 2216 3652 last
2231 3613 2324 3651 sale.

404 3697 417 3720 ²
450 3697 709 3747 Presumably
728 3698 911 3744 Eleanor,
931 3699 1078 3737 second
1097 3699 1185 3737 wife
1207 3699 1249 3737 of
1278 3699 1409 3743 James
1429 3699 1703 3746 Tuehet,10rd
1724 3700 1883 3750 Audley
1904 3701 1950 3749 (c.
1979 3710 2020 3737 1⁴·
2003 3702 2093 3746 98
2079 3702 2227 3749 -.1459)
2284 3700 2362 3738 For

300 3749 370 3786 her
391 3759 606 3798 parentage
627 3762 694 3787 see
718 3750 899 3792 complete
920 3752 1097 3798 Peerage,
1117 3763 1204 3788 new
1224 3750 1287 3788 ed.
1309 3761 1336 3791 1.
1359 3760 1446 3798 341.
1522 3750 1607 3788 Her
1623 3751 1769 3788 second
1790 3764 1860 3788 son
1881 3764 1959 3789 was
1979 3751 2167 3789 Edmund
2187 3751 2360 3800 Audley,

300 3799 443 3854 bishop
463 3799 506 3836 of
527 3799 746 3838 Rochester
769 3802 879 3848 1480,
902 3801 1101 3839 Hereford
1125 3811 1233 3855 1493,
1254 3801 1332 3838 and
1353 3801 1559 3852 Salisbury
1582 3809 1692 3854 1502·
1699 3811 1759 3854 24,
1779 3802 1868 3839 who
1898 3803 1929 3840 is
1957 3803 2288 3846 commemorated
2309 3803 2361 3857 by
