2476 4412
292 481 366 537 13
742 457 1232 518 ALNWICK'S
1316 453 1880 513 VISITATIONS

291 619 546 676 ordinatis,
588 618 896 665 continuauit
939 616 1284 662 visitacionem
1329 628 1469 660 suam
1515 611 1802 658 huiusmodi
1847 625 2002 672 Vsque
2047 610 2151 671 xiiij
2199 610 2334 657 diem

295 683 470 742 Marcij
512 683 611 727 iam
649 682 875 741 proxime
914 680 1146 735 futurum,
1187 678 1504 738 presentibus
1549 676 1788 734 magistro
1831 674 2059 736 Johanne
2105 674 2334 734 Depyng,

291 746 517 807 Johanne
543 746 665 804 Bug,
691 745 886 790 Thoma
908 743 1114 802 Thorpe
1138 745 1187 787 et
1210 756 1290 786 me
1315 740 1565 787 Colstone.
1643 739 1848 784 Interim
1872 751 2005 795 vero,
2032 738 2148 799 quia
2172 738 2335 783 dictus

292 809 596 855 reuerendus
619 812 759 867 pater
783 810 922 852 tanto
945 806 1039 851 fuit
1061 808 1333 864 occupatus
1356 807 1406 850 et
1439 802 1731 863 prepeditus
1755 801 1966 847 ecclesie
1989 815 2076 846 sue
2102 800 2331 847 Lincoln-

292 873 443 918 iensis
462 874 511 917 et
533 871 641 916 aliis
663 870 1033 917 ineuitabilibus
1057 869 1280 927 negociis
1298 867 1436 929 quod
1460 866 1596 911 dicto
1617 865 1698 911 die
1715 865 1818 925 xiiij
1848 865 2023 924 Marcij
2046 878 2147 910 non
2164 866 2336 924 posset

294 935 603 982 descendere
647 934 710 979 ad
755 934 933 990 locum,
980 932 1230 978 commisit
1274 932 1408 976 vices
1453 944 1566 975 suas
1611 932 1660 974 et
1704 929 2052 974 auctoritatem
2096 928 2335 987 magistro

293 999 507 1059 Johanni
544 997 732 1057 Wylby
767 997 1049 1056 iurisperito
1086 996 1431 1040 visitacionem
1466 992 1753 1038 huiusmodi
1789 995 1839 1037 et
1875 992 2140 1051 negocium
2170 991 2335 1036 huius-

292 1061 431 1107 modi
467 1060 791 1107 continuandi
827 1074 984 1121 vsque
1019 1059 1085 1104 ad
1122 1061 1172 1104 et
1204 1059 1256 1103 in
1286 1058 1422 1104 diem
1447 1057 1683 1115 Mercurij
1710 1056 1939 1115 proxime
1960 1059 2079 1100 tunc
2101 1054 2336 1111 futurum,

292 1126 376 1170 xix
410 1124 644 1170 videlicet
677 1123 760 1169 die
795 1123 916 1168 dicti
951 1123 1136 1168 mensis
1174 1122 1367 1182 Mai-cij,
1394 1135 1508 1166 cum
1539 1119 1938 1182 continuacione,
1964 1120 2074 1176 etc.,
2101 1121 2150 1164 et
2173 1121 2340 1164 cetera

292 1187 525 1242 faciendi,
551 1190 699 1246 prout
731 1187 782 1232 in
816 1187 972 1232 literis
1007 1186 1374 1231 commissionis
1398 1185 1492 1230 sibi
1527 1184 1578 1229 in
1603 1183 1699 1228 hac
1721 1181 1884 1242 parte1
1907 1184 1978 1228 sic
2002 1182 2199 1241 plenius
2222 1196 2338 1228 con-

292 1252 488 1296 tinetur.
579 1250 673 1309 Qui
710 1264 834 1295 onus
871 1249 1156 1294 huiusmodi
1193 1250 1244 1294 in
1282 1263 1336 1294 se
1373 1248 1650 1306 suscipiens
1686 1252 1736 1292 et
1771 1247 1823 1291 in
1847 1246 1945 1291 hoc
1969 1246 2182 1304 negocio
2204 1246 2342 1291 iuxta

291 1314 526 1360 traditam
562 1314 657 1358 sibi
693 1313 907 1359 formam
943 1313 1239 1372 procedens,
1275 1313 1412 1357 dicto
1449 1311 1531 1356 die
1570 1310 1821 1370 Mercurij,
1846 1309 2082 1355 videlicet
2116 1309 2222 1354 xix⁰
2258 1309 2341 1355 die

293 1377 414 1422 dicti
452 1377 636 1422 mensis
674 1376 867 1436 Marcij,
904 1377 957 1421 in
994 1375 1147 1422 domo
1184 1375 1444 1435 capitulari
1482 1374 1604 1419 dicti
1641 1373 1928 1433 monasterij
1971 1373 2037 1419 de
2074 1372 2340 1433 Bardeney

293 1440 509 1486 eundem
543 1439 876 1485 reuerendum
912 1443 1106 1499 patrem
1132 1439 1183 1484 in
1206 1439 1328 1498 ipsis
1352 1439 1435 1484 die
1458 1441 1508 1483 et
1531 1438 1645 1483 loco
1670 1441 1720 1483 et
1742 1438 1793 1482 in
1817 1437 2030 1495 negocio
2053 1436 2340 1483 huiusmodi

292 1519 379 1549 sue
402 1504 707 1549 visitacionis
731 1503 1029 1549 iudicialiter
1053 1503 1314 1548 sedentem
1338 1517 1429 1562 pro
1453 1501 1702 1558 tribunali,
1729 1500 2137 1559 comparentibus
2169 1514 2339 1546 coram

293 1567 474 1614 eodem
498 1567 776 1613 reuerendo
801 1569 942 1626 patre
965 1567 1149 1612 abbate
1174 1571 1224 1612 et
1247 1566 1454 1625 singulis
1478 1564 1739 1610 monachis
1763 1564 1885 1609 dicti
1910 1564 2215 1624 monasterij,
2239 1577 2340 1609 vno

292 1630 542 1676 infirmato
565 1633 759 1676 tantum
783 1633 1010 1690 excepto,
1031 1630 1095 1675 de
1119 1629 1254 1675 facto
1278 1644 1367 1675 suo
1391 1631 1443 1674 in
1467 1629 1561 1674 hac
1586 1631 1728 1688 parte
1750 1627 2023 1674 literatorie
2046 1626 2341 1673 certificauit

292 1697 385 1740 sub
413 1694 509 1740 hac
531 1693 707 1751 forma,
735 1697 744 1715 ⁶
764 1694 1063 1739 Reuerendo
1086 1694 1137 1738 in
1162 1693 1362 1740 Christo
1385 1693 1514 1752 patri
1530 1691 1557 1748 ³,
1583 1696 1676 1738 etc.
1745 1691 1937 1750 Quibus
1959 1691 2137 1737 litteris
2160 1689 2338 1737 certifi-

295 1758 495 1803 catoriis
518 1758 765 1817 perlectis,
790 1758 926 1803 idem
949 1757 1254 1803 reuerendus
1288 1759 1430 1816 pater
1465 1756 1693 1802 recitauit
1726 1755 1860 1801 facta
1893 1757 1944 1800 et
1977 1757 2089 1801 acta
2115 1754 2342 1814 primitus

296 1821 467 1867 habita
502 1835 593 1880 per
629 1835 743 1866 eum
779 1821 830 1866 in
868 1820 1152 1866 huiusmodi
1188 1821 1494 1866 visitacionis
1518 1820 1745 1878 negocio,
1772 1822 1822 1864 et
1844 1819 2056 1880 qualiter
2079 1818 2246 1878 posuit
2268 1817 2341 1864 eis

297 1885 565 1944 opcionem
589 1884 798 1929 duarum
820 1884 1010 1930 viarum
1033 1899 1126 1944 pro
1150 1885 1285 1930 bono
1309 1884 1551 1943 regimine
1574 1884 1860 1943 monasterij
1897 1883 1949 1928 in
1981 1881 2343 1942 temporalibus

299 1952 348 1995 et
375 1963 524 2010 quam
559 1962 621 1993 ex
654 1949 725 1994 eis
758 1948 1028 2007 elegerunt.
1095 1948 1265 1993 Voluit
1303 1950 1572 2007 propterea
1609 1950 1662 1992 vt
1701 1946 1828 1991 dixit
1865 1947 1994 1992 scire
2031 1946 2084 1991 in
2123 1960 2224 2007 quo
2261 1945 2342 1991 vel

300 2014 486 2073 quanto
522 2025 612 2070 per
648 2011 778 2056 hanc
814 2013 945 2056 viam
981 2012 1053 2057 sic
1089 2011 1300 2057 electam
1333 2011 1691 2057 monasterium
1715 2012 1846 2055 esset
1868 2010 2182 2055 melioratum
2205 2011 2342 2055 etan

299 2075 516 2120 vniuersi
553 2089 663 2120 eam
700 2075 869 2120 debite
905 2075 1095 2136 absque
1132 2089 1382 2120 murmure
1419 2074 1496 2119 vel
1531 2074 1894 2133 impedimento
1933 2074 2338 2119 obseruauerunt.

301 2138 460 2198 Super
493 2138 592 2184 hoc
624 2139 1012 2184 communicauit
1045 2138 1208 2198 primo
1243 2152 1357 2183 cum
1380 2138 1563 2183 abbate
1587 2140 1637 2183 et
1659 2139 1836 2196 postea
1859 2151 1974 2183 cum
1998 2137 2231 2193 Bartone,
2257 2137 2342 2198 qui

299 2216 329 2247 a
364 2206 592 2260 tempore
627 2202 894 2247 eleccionis
932 2203 1011 2247 vie
1050 2202 1335 2247 huiusmodi
1375 2201 1549 2247 habuit
1593 2202 1816 2260 regimen
1861 2201 2147 2260 monasterij
2193 2203 2247 2246 vt
2290 2202 2342 2245 in

300 2266 566 2311 esculentis
602 2268 651 2310 et
686 2266 967 2324 poculentis
997 2283 1006 2323 3
1055 2266 1139 2326 qui
1175 2266 1331 2310 abbas
1368 2268 1417 2310 et
1454 2265 1673 2310 Bartone
1710 2265 1873 2309 dicunt
1910 2263 2047 2325 quod
2082 2265 2123 2309 si
2145 2265 2242 2309 ista
2262 2265 2343 2309 via

298 2330 456 2388 possit
479 2329 758 2374 continuari
783 2330 876 2374 erit
899 2343 990 2388 pro
1015 2342 1197 2388 magno
1222 2328 1492 2374 commodo
1516 2329 1819 2388 monasterij,
1845 2342 1960 2373 nam
1984 2328 2342 2373 monasterium

300 2392 586 2438 melioratur
623 2406 714 2451 per
750 2392 847 2438 hoc
887 2393 1024 2453 quod
1063 2393 1199 2438 omni
1239 2393 1517 2451 septimana
1556 2391 1847 2451 expendunt
1891 2391 2054 2436 minus
2097 2391 2245 2437 solito
2289 2392 2341 2437 in

299 2455 477 2501 braseo
500 2456 532 2515 ij
559 2456 809 2516 quarteria
827 2459 876 2501 et
899 2457 950 2500 in
972 2455 1224 2501 frumento
1246 2456 1261 2515 j
1283 2457 1600 2517 quarterium,
1627 2459 1677 2501 et
1698 2456 1750 2501 in
1769 2456 1984 2516 coquina
2000 2469 2091 2514 per
2109 2467 2343 2514 magnam

299 2533 542 2564 summam
565 2519 789 2578 pecunie.
861 2519 928 2564 Et
952 2519 1137 2565 deinde
1154 2522 1333 2564 vocato
1356 2522 1464 2565 toto
1483 2522 1735 2565 conuentu
1757 2519 2095 2580 inquisitoque
2117 2519 2182 2564 ab
2206 2519 2278 2564 eis
2302 2518 2343 2564 si

299 2582 429 2627 hanc
465 2582 543 2628 vel
579 2582 726 2628 aliam
761 2582 932 2628 vitam2
967 2584 1103 2642 prius
1140 2583 1212 2628 eis
1248 2585 1474 2642 apertam
1497 2583 1652 2628 velint
1675 2583 1874 2642 eligere,
1901 2582 1997 2628 hac
2019 2583 2157 2642 prius
2181 2582 2344 2628 electa

299 2647 521 2691 contenti
545 2649 671 2702 sunt,
698 2646 922 2692 dicentes
947 2661 1000 2692 se
1022 2646 1150 2692 velle
1174 2647 1467 2692 continuare
1489 2647 1540 2692 in
1564 2646 1757 2692 eadem.
1849 2646 2040 2704 Quibus
2064 2646 2135 2691 sic
2159 2646 2344 2692 habitis

299 2708 530 2754 dominus
553 2708 674 2755 fecit
697 2711 768 2755 eis
792 2713 953 2756 certas
977 2711 1333 2767 iniuncciones,
1359 2725 1570 2755 monens
1595 2724 1680 2756 eos
1714 2710 1807 2755 sub
1840 2724 1972 2769 pena
2005 2710 2342 2756 excommuni-

300 2773 517 2818 cacionis
540 2772 639 2818 late
663 2788 858 2819 exnunc
882 2776 1030 2833 prout
1054 2777 1235 2819 extunc
1260 2774 1397 2835 quod
1422 2773 1583 2819 nullus
1607 2774 1841 2820 comedat
1863 2776 1948 2819 aut
1970 2773 2111 2819 bibat
2143 2774 2195 2818 in
2229 2772 2345 2819 villa

300 2835 364 2881 de
410 2835 687 2896 Bardeney,
734 2840 784 2882 et
828 2838 921 2882 sub
966 2852 1096 2896 pena
1140 2838 1680 2883 excommunicacionis
1734 2837 1943 2883 ferende
1999 2836 2137 2899 quod
2182 2836 2344 2882 nullus

299 2898 504 2944 inducat
526 2901 784 2945 mulierem
807 2900 1023 2962 aliquam
1046 2900 1176 2946 infra
1199 2904 1340 2960 septa
1364 2915 1458 2947 nec
1485 2902 1549 2946 ab
1584 2901 1682 2947 alio
1719 2901 1977 2947 inductam
2012 2901 2246 2946 admittat
2277 2899 2344 2945 ad

298 2962 514 3022 aliquam
537 2962 936 3020 familiaritatem,
963 2967 1072 3022 etc.,
1099 2965 1335 3026 quodque
1358 2965 1641 3010 abstineant
1663 2980 1693 3010 a
1716 2965 1947 3011 serotinis
1977 2963 2346 3024 potacionibus³

299 3028 349 3070 et
362 3026 542 3084 vigiliis
556 3026 681 3071 vltra
697 3031 923 3073 octavam
938 3028 1114 3074 horam
1128 3029 1179 3073 in
1198 3031 1359 3085 nocte,
1377 3028 1614 3090 quodque
1632 3031 1836 3088 surgant
1850 3028 1916 3074 ad
1934 3028 2214 3085 matutinas,
2231 3030 2342 3085 etc.,

299 3091 350 3158 et
373 3088 437 3134 de
460 3090 638 3135 ceteris
662 3089 905 3136 faciendis
929 3091 1203 3137 secundum
1228 3093 1539 3151 exigenciam
1559 3092 1873 3138 detectorum
1896 3094 1947 3138 et
1970 3094 2343 3151 compertorum

298 3166 349 3196 in
393 3152 721 3213 inquisicione
771 3155 1057 3201 huiusmodi
1112 3170 1201 3203 sua
1244 3156 1600 3215 preparatoria,
1648 3156 1823 3202 dicens
1867 3171 1921 3202 se
1965 3154 2060 3201 vel4
2114 3157 2344 3215 tempore

299 3218 548 3274 oportuno
571 3217 839 3275 prouidere
863 3221 913 3264 et
936 3233 1020 3264 eas
1043 3219 1243 3266 mittere
1266 3220 1359 3265 sub
1383 3219 1547 3279 sigillo
1572 3233 1662 3266 suo
1685 3220 1737 3265 in
1760 3219 1975 3279 scriptis.
2067 3219 2134 3264 Et
2157 3218 2343 3265 deinde

400 3326 413 3349 ²
441 3327 507 3364 Sic
523 3341 535 3363 .·
563 3327 712 3364 directis
730 3342 896 3378 appears
915 3338 957 3367 to
975 3331 1023 3367 be
1043 3332 1298 3369 understood.

399 3377 415 3399 ²
441 3378 505 3414 Sic
522 3391 535 3413 .·
561 3381 661 3414 viam
681 3379 712 3416 is
732 3381 927 3431 probably
947 3390 1095 3420 meant.

400 3428 416 3451 ³
441 3441 531 3477 surg
561 3430 779 3468 cancelled.

400 3478 416 3501 ⁴
442 3479 505 3517 Sic
526 3494 539 3516 .·
567 3481 742 3531 possibly
760 3495 810 3518 an
831 3495 936 3520 error
954 3483 1014 3520 for
1031 3486 1139 3524 velle.

398 3569 411 3592 ¹
439 3569 507 3607 Le.
535 3569 603 3607 the
621 3570 902 3628 adjournment
922 3580 964 3610 to
987 3584 1031 3620 19
1054 3575 1191 3613 March
1211 3576 1400 3614 included
1420 3590 1443 3615 a
1461 3577 1595 3615 notice
1615 3578 1657 3615 of
1674 3576 1827 3615 further
1844 3576 2130 3626 adjournment
2157 3589 2252 3616 over
2269 3589 2344 3615 one

298 3633 341 3657 or
359 3633 468 3658 more
487 3633 708 3678 successlve
726 3622 834 3671 days,
854 3624 1011 3674 usually
1030 3626 1159 3674 styled
1178 3630 1412 3667 continuacio
1428 3630 1732 3678 subsequendum
1752 3628 1915 3666 dicrum.

400 3670 417 3693 ²
442 3671 509 3710 Le.
543 3685 583 3708 in
612 3672 839 3723 provisions
867 3674 926 3711 for
953 3676 1020 3715 the
1048 3677 1225 3717 kitchen.

401 3722 417 3745 ³
445 3722 575 3761 These
597 3736 696 3761 were
715 3725 956 3784 injunctions
976 3727 1027 3784 by
1045 3729 1152 3765 word
1171 3730 1213 3766 of
1238 3730 1377 3768 mouth
1399 3731 1631 3780 (verbotenus
1645 3731 1781 3780 facte),
1802 3731 1928 3768 which
1955 3743 2055 3768 were
2083 3730 2276 3769 intended
2302 3737 2346 3769 to

302 3771 358 3809 fill
378 3785 431 3822 up
450 3774 517 3811 the
535 3787 615 3823 gap
635 3775 811 3812 between
833 3776 899 3813 the
917 3779 1119 3816 visitation
1139 3781 1216 3818 and
1234 3781 1304 3819 the
1324 3782 1501 3833 delivery
1520 3783 1562 3820 of
1587 3783 1656 3820 the
1674 3783 1830 3820 written
1849 3782 2110 3831 injunctions.

401 3824 418 3847 ⁴
446 3824 515 3863 Le.
537 3825 731 3862 offenders
749 3825 791 3862 in
811 3826 888 3866 this
906 3838 1061 3878 respect
1086 3831 1268 3870 incurred
1295 3834 1679 3872 excommunication
1707 3836 1786 3885 ipso
1801 3835 1920 3884 facto,
1946 3833 2014 3871 the
2042 3841 2227 3872 sentence
2253 3845 2342 3872 now
2397 3856 2399 3858 ·

303 3873 500 3913 delivered
520 3876 639 3925 being
657 3875 862 3929 inclusive.
