2488 4296
266 441 339 500 70
737 420 1223 481 ALNWICK'S
1306 416 1873 478 VISITATIONS

392 583 519 628 Item
534 579 807 640 dicitquod
822 577 1092 623 claustrum
1108 590 1210 622 non
1227 577 1451 621 seruatur
1467 573 1652 620 debitis
1667 574 1804 620 horis
1819 546 2307 634 contemplacionum

267 649 317 693 et
339 646 664 754 leclztcefflldrilcit
687 705 751 751 de
775 703 1023 762 compotis
1049 716 1150 748 non
1173 701 1386 748 redditis
1410 715 1501 761 per
1523 700 1759 746 abbatem
1783 703 1835 746 vt
1859 715 2021 760 supra.

394 773 520 817 Item
566 770 688 814 dicit
732 767 868 829 quod
916 766 1210 825 Marmyone
1255 768 1332 810 est
1386 764 1595 809 multum
1651 778 1892 809 onerosus
1947 764 2118 811 domui
2161 767 2214 810 vt
2257 765 2308 810 in

265 834 596 882 seruientibus
619 832 719 877 suis
742 834 793 877 et
815 831 909 875 sibi
933 829 1334 883 aduentantibus‚
1362 830 1411 873 et
1435 827 1559 873 dicit
1581 827 1732 888 quod,
1756 831 1809 872 vt
1843 827 1938 873 sibi
1971 828 2181 884 videtur,
2207 842 2309 874 non

265 902 341 945 est
376 897 583 943 multum
622 894 896 954 expediens
931 895 983 938 vt
1018 892 1203 937 habeat
1232 892 1340 951 ipse
1375 893 1568 936 tantum
1605 891 1829 950 regimen
1865 891 1916 936 in
1949 891 2309 951 temporalibus

269 962 459 1008 domus.

395 1025 521 1069 Item
546 1022 667 1067 dicit
690 1019 827 1082 quod
850 1019 933 1065 vbi
957 1019 1231 1065 secundum
1255 1017 1479 1077 regulam
1511 1031 1685 1063 eorum
1719 1017 1948 1064 canonici
1982 1032 2083 1064 non
2117 1018 2311 1064 exirent

267 1102 428 1150 neque
450 1085 710 1146 pedestres
733 1098 895 1144 neque
918 1081 1182 1144 equestrisl
1204 1082 1299 1127 nisi
1322 1084 1515 1126 tanturn
1538 1082 1589 1126 in
1612 1082 1751 1140 capis
1774 1081 1967 1139 clausis,
1986 1082 2086 1128 iam
2108 1081 2312 1128 etenim²
2376 1141 2380 1143 λ

265 1151 505 1198 incedunt
526 1150 576 1194 in
601 1148 738 1207 capis
760 1147 946 1206 apertis
969 1160 1067 1207 que
1090 1146 1322 1192 dicuntur
1345 1159 1514 1206 qwere
1537 1159 1703 1204 copes.

394 1214 521 1259 Item
556 1212 682 1271 petit
716 1213 769 1256 vt
806 1210 1063 1256 ordinetur
1098 1209 1236 1270 quod
1272 1208 1501 1254 canonici
1535 1210 1620 1269 qui
1644 1208 1846 1254 stabunt
1867 1208 1919 1254 in
1942 1208 2311 1255 minucionibus

266 1277 411 1324 simul
434 1278 613 1322 exeant
635 1273 701 1319 ad
719 1274 904 1320 solacia
922 1275 971 1318 et
995 1273 1140 1318 simul
1163 1274 1489 1328 reuertantur,
1510 1275 1560 1318 et
1582 1285 1683 1317 non
1703 1271 1795 1317 soli
1812 1275 2054 1331 vagentur
2071 1274 2124 1318 vt
2147 1273 2308 1330 solito,

269 1356 330 1387 ex
352 1354 452 1402 quo
475 1341 741 1398 generatur
764 1337 935 1382 domui
959 1348 1196 1395 magnum
1220 1335 1525 1381 scandalum.

397 1404 523 1449 Item
547 1401 668 1447 dicit
691 1399 829 1462 quod
853 1399 917 1445 de
941 1399 1305 1445 consuetudine
1329 1400 1616 1460 monasterij
1652 1399 2023 1458 assignarentur
2056 1401 2312 1446 curatores

267 1466 527 1513 iuuenibus
551 1465 819 1519 canonicis,
844 1463 929 1524 qui
954 1477 1126 1509 eorum
1159 1462 1411 1522 peculium
1445 1462 1511 1508 ad
1544 1477 1719 1509 eorum
1753 1462 2076 1509 commodum
2111 1462 2314 1523 dispon-

268 1532 408 1577 erent
440 1543 594 1590 vsque
629 1527 748 1573 dum
782 1527 847 1572 ad
881 1526 1227 1572 sacerdocium
1261 1527 1479 1586 promoti
1514 1525 1712 1581 fuerint,
1737 1526 1838 1571 iam
1871 1527 2005 1571 enim
2028 1526 2174 1572 huius
2199 1541 2314 1573 con-

267 1595 471 1640 trarium
507 1593 834 1638 obseruatur:
886 1591 1011 1650 petit
1047 1591 1197 1649 igitur
1234 1594 1285 1636 vt
1321 1591 1373 1635 in
1409 1590 1507 1636 hoc
1542 1589 1629 1635 fiat
1663 1590 1929 1647 iniunccio,
1969 1604 2082 1636 cum
2119 1605 2182 1636 ex
2217 1590 2316 1637 hoc

270 1658 412 1717 plura
434 1656 563 1701 mala
586 1655 965 1716 subsequuntur.

399 1720 539 1765 Idem
560 1719 712 1764 habet
730 1733 770 1763 c.
791 1733 827 1763 s.
848 1732 940 1777 pro
958 1732 1012 1763 se
1030 1719 1080 1763 et
1095 1716 1279 1764 duobus
1295 1716 1622 1762 familiaribus
1641 1719 1690 1762 et
1709 1716 1964 1763 esculenta
1981 1719 2032 1763 et
2049 1718 2317 1777 poculenta

269 1786 322 1830 vt
346 1783 446 1829 duo
470 1783 711 1839 canonici,
738 1784 787 1827 et
821 1781 919 1827 hoc
942 1780 1094 1827 habet
1117 1782 1210 1827 sub
1233 1781 1396 1839 sigillo
1421 1781 1674 1826 communi
1699 1783 1908 1827 vacante
1932 1783 2247 1828 monasterio.

401 1848 684 1892 Iniunctum
708 1848 783 1891 est
804 1845 974 1890 abbati
999 1845 1049 1889 in
1072 1846 1255 1890 virtute
1279 1845 1576 1891 obediencie
1601 1848 1650 1890 et
1673 1845 1766 1890 sub
1800 1845 1943 1904 penis
1978 1845 2314 1891 excommuni-

271 1911 490 1958 cacionis
513 1912 562 1956 et
585 1909 888 1968 priuacionis
921 1908 1058 1970 quod
1093 1922 1194 1954 non
1228 1907 1477 1954 concedat
1509 1909 1743 1970 cuiquam
1778 1908 2064 1954 corrodium
2097 1908 2314 1969 aliquod,

270 1972 591 2030 annutatem¹‚
621 1973 915 2032 pensionem
952 1973 1057 2018 siue
1093 1972 1355 2018 liberatam
1389 1973 1771 2032 imperpetuum,
1809 1971 1875 2017 ad
1912 1973 2180 2018 terminum
2214 1973 2316 2019 vite

269 2038 349 2084 vel
371 2038 437 2083 ad
460 2040 649 2083 certum
672 2039 870 2095 tempus
893 2037 986 2081 nisi
1011 2035 1076 2081 de
1099 2035 1344 2093 consilio,⁸
1366 2050 1614 2082 consensu
1648 2038 1698 2083 et
1730 2035 1941 2081 licencia
1975 2036 2232 2082 diocesani
2265 2039 2316 2083 et

271 2102 467 2161 patroni
490 2101 646 2160 petita
670 2102 719 2145 et
742 2100 962 2145 obtenta.

400 2165 571 2210 Frater
625 2163 879 2209 Walterus
936 2163 1244 2209 Dorchestre
1299 2177 1414 2209 cum
1468 2163 1696 2225 Johanna
1752 2163 1980 2208 Barbour
2035 2164 2314 2224 coniugata.

272 2228 562 2287 Comparuit
586 2230 635 2272 et
658 2230 808 2285 negat
830 2227 894 2272 ab
918 2228 1054 2272 omni
1078 2231 1320 2286 tempore.
1391 2227 1589 2273 Indicta
1612 2230 1688 2273 est
1710 2227 1804 2272 sibi
1839 2227 2080 2286 purgacio
2114 2242 2228 2274 cum
2260 2227 2312 2288 iij

270 2291 603 2337 confratribus
627 2291 740 2346 suis,
767 2293 816 2335 et
840 2290 1023 2336 deinde
1047 2291 1295 2350 purgauit⁴
1328 2291 1464 2336 iuxta
1486 2290 1701 2337 formam
1724 2290 1980 2336 indictam.
2051 2291 2179 2337 Item
2202 2306 2316 2338 cum

268 2370 421 2401 vxore
456 2355 652 2400 Thome
689 2355 829 2414 Deye
865 2354 1128 2400 seruientis
1164 2355 1215 2399 in
1252 2356 1592 2401 monasterio:
1628 2354 1814 2400 deinde
1848 2354 2080 2414 purgauit
2113 2369 2167 2401 se
2201 2369 2315 2402 cum

269 2419 320 2478 iij
360 2417 692 2464 confratribus
727 2419 841 2463 suis,
934 2418 1137 2463 Fatetur
1175 2419 1660 2477 impignoracionem
1697 2419 1842 2463 vnius
1881 2418 2050 2464 calicis
2089 2418 2315 2465 deaurati

268 2482 540 2541 Mermyone
569 2485 659 2541 pro
694 2481 770 2539 iiij
806 2480 1044 2526 nobilibus
1081 2483 1130 2527 et
1165 2481 1528 2528 alienacionem
1566 2497 1598 2528 v
1632 2482 1936 2528 coclearium
1962 2485 2316 2541 argenteorum

269 2546 631 2605 pertinencium
666 2544 969 2591 infirmarie:
1005 2545 1252 2591 coclearia
1284 2545 1468 2591 furtiue
1501 2546 1668 2592 ablata
1701 2548 1827 2591 sunt.
1920 2545 2205 2591 Iniunctum
2239 2547 2316 2592 est

268 2609 438 2654 abbati
482 2608 619 2670 quod
662 2607 814 2653 faciat
856 2609 952 2654 ista
996 2610 1187 2655 restitui
1233 2609 1298 2655 de
1342 2609 1541 2669 peculio
1580 2610 1735 2669 ipsius
1775 2610 2019 2655 canonici.
2111 2610 2315 2655 Fatetur

268 2673 635 2731 possessionem
669 2672 1012 2731 accipitrum⁵:
1048 2671 1272 2718 cohibita
1305 2676 1380 2718 est
1414 2674 1508 2718 sibi
1543 2673 1794 2733 possessio
1829 2670 2116 2718 huiusmodi
2149 2687 2313 2719 auum.

274 2736 474 2781 Fatetur
498 2750 551 2781 se
574 2736 783 2781 iacuisse
806 2736 857 2780 in
881 2735 1151 2781 infirmaria
1174 2736 1387 2782 diuersis
1409 2737 1602 2783 vicibus
1628 2754 1637 2782 :
1662 2737 1939 2782 iniunctum
1964 2739 2038 2782 est
2061 2737 2156 2782 sibi
2180 2735 2318 2798 quod

273 2799 507 2844 decetero
532 2799 603 2844 sic
626 2813 726 2844 non
749 2798 900 2845 faciat
924 2800 1017 2844 nisi
1041 2798 1328 2845 infirmitate
1353 2805 1589 2846 causante
1612 2803 1663 2846 et
1687 2800 1752 2846 de
1774 2800 1985 2846 licencia
2008 2800 2205 2846 abbatis
2230 2817 2238 2857 ;
2269 2802 2320 2845 et

272 2862 517 2907 abiurauit
540 2863 825 2907 comitiuam
852 2863 1085 2909 mulieris.

401 2925 675 2971 Nicholaus
702 2926 1017 2985 Plymmothe
1042 2930 1217 2987 captus
1240 2926 1333 2972 fuit
1367 2926 1531 2972 nudus
1555 2941 1669 2973 cum
1692 2941 1845 2973 vxore
1868 2927 2146 2973 tannatoris
2169 2925 2318 2982 nuda,

274 2991 324 3034 et
347 2988 397 3033 in
421 2989 703 3034 huiusmodi
727 2990 797 3034 rei
821 2993 1168 3049 argumentum
1202 2993 1435 3050 captores
1458 2990 1647 3036 habent
1670 3005 1843 3037 eorum
1866 2991 2095 3036 camisias
2118 2989 2319 3036 ostend-

275 3051 443 3097 endas.
513 3052 677 3111 Negat
699 3053 888 3098 crimen
912 3054 976 3099 ab
999 3055 1134 3100 omni
1157 3057 1401 3113 tempore.
1473 3053 1669 3100 Indicta
1694 3057 1769 3100 est
1802 3054 1898 3099 sibi
1932 3054 2172 3114 purgacio
2206 3068 2320 3100 cum

276 3115 325 3174 iij
353 3115 684 3161 confratribus
702 3133 710 3172 3
737 3116 828 3161 sed
850 3117 967 3178 quia
985 3116 1155 3163 deficit
1177 3118 1228 3163 in
1247 3117 1553 3177 purgacione
1571 3119 1928 3177 pronunciatus
1947 3120 2022 3163 est
2045 3117 2318 3164 conuictus.

279 3178 575 3224 Iniunctum²
594 3182 669 3224 est
691 3179 785 3224 sibi
804 3180 1032 3226 custodia
1054 3181 1331 3227 claustralis
1353 3184 1404 3227 et
1427 3181 1686 3228 silencium
1709 3196 1800 3241 per
1818 3196 1966 3227 vnam
1989 3182 2320 3241 septimanam

275 3241 626 3300 assignandam
664 3257 753 3301 per
789 3243 894 3301 per²
929 3245 1148 3303 priorem
1183 3245 1314 3291 infra
1346 3246 1600 3305 proximas
1632 3248 1734 3292 tres
1767 3245 2085 3305 septimanas,
2109 3247 2160 3291 et
2182 3243 2320 3307 quod

379 3353 390 3376 ²
419 3353 495 3391 Sic.

377 3403 394 3427 ²
420 3404 484 3442 Sic
503 3419 516 3441 :
543 3405 600 3443 sor
619 3410 760 3442 tamen.

378 3455 393 3478 ³
419 3457 570 3493 consilio
588 3458 802 3496 caneelled.

379 3507 393 3530 ⁴
416 3519 456 3543 se
476 3507 653 3545 omitted.

379 3557 394 3580 ⁶
421 3560 584 3596 monitus
602 3559 814 3597 cancelled.

379 3649 393 3674 ¹
421 3648 518 3687 This
537 3659 632 3707 type
651 3649 693 3686 of
708 3661 891 3698 garment
909 3665 999 3700 may
1019 3653 1102 3690 still
1122 3654 1168 3691 be
1188 3666 1281 3692 seen
1303 3655 1341 3692 in
1362 3654 1431 3693 the
1452 3654 1565 3692 black
1584 3668 1703 3706 copes
1722 3668 1828 3694 worn
1850 3656 1901 3705 by
1920 3656 1987 3694 the
2006 3656 2093 3695 four
2111 3656 2322 3695 choristers

277 3713 329 3738 on
348 3700 414 3738 the
433 3700 666 3738 foundation
686 3701 724 3737 in
747 3701 913 3740 Lincoln
934 3704 1110 3742 minster.

378 3751 395 3775 ²
421 3750 610 3790 Calethra
629 3751 708 3789 had
727 3751 887 3802 already
905 3755 1138 3793 mentioned
1156 3755 1237 3793 this
1256 3768 1343 3794 sum
1363 3770 1406 3794 as
1425 3769 1546 3795 seven
1566 3758 1738 3807 pounds.

377 3802 393 3827 ⁸
419 3802 505 3841 The
524 3802 665 3853 bishop
684 3802 726 3840 of
742 3802 909 3842 Lincoln
930 3818 1007 3843 was
1027 3814 1166 3854 patron
1187 3806 1229 3844 of
1244 3807 1313 3845 the
1332 3807 1457 3846 house
1476 3821 1519 3846 as
1538 3808 1628 3846 well
1646 3822 1688 3847 as
1708 3809 1908 3847 diocesan.
