<?xml version="1.0" encoding="UTF-8"?>
<!DOCTYPE html PUBLIC "-//W3C//DTD XHTML 1.0 Transitional//EN"
    "http://www.w3.org/TR/xhtml1/DTD/xhtml1-transitional.dtd">
<html xmlns="http://www.w3.org/1999/xhtml" xml:lang="en" lang="en">
 <head>
  <title>
</title>
<meta http-equiv="Content-Type" content="text/html;charset=utf-8" />
  <meta name='ocr-system' content='tesseract 3.04.00' />
  <meta name='ocr-capabilities' content='ocr_page ocr_carea ocr_par ocr_line ocrx_word'/>
</head>
<body>
  <div class='ocr_page' id='page_1' title='image "./p1visitationsof02cathuoft_0330.png"; bbox 0 0 2488 4296; ppageno 0'>
   <div class='ocr_carea' id='block_1_1' title="bbox 376 404 1967 477">
    <p class='ocr_par' dir='ltr' id='par_1_1' title="bbox 376 404 1967 477">
     <span class='ocr_line' id='line_1_1' title="bbox 376 404 1967 477; baseline 0.001 -15"><span class='ocrx_word' id='word_1_1' title='bbox 376 425 489 477; x_wconf 79' lang='lat'>129</span> <span class='ocrx_word' id='word_1_2' title='bbox 829 404 1320 462; x_wconf 89' lang='lat' dir='ltr'>ALNWICK&#39;S</span> <span class='ocrx_word' id='word_1_3' title='bbox 1404 404 1967 463; x_wconf 87' lang='lat' dir='ltr'>VISITATIONS</span> 
     </span>
    </p>
   </div>
   <div class='ocr_carea' id='block_1_2' title="bbox 375 560 2434 2712">
    <p class='ocr_par' dir='ltr' id='par_1_2' title="bbox 375 560 2434 2712">
     <span class='ocr_line' id='line_1_2' title="bbox 382 560 2425 618; baseline -0.001 -10"><span class='ocrx_word' id='word_1_4' title='bbox 382 562 584 608; x_wconf 89' lang='lat' dir='ltr'>Domini</span> <span class='ocrx_word' id='word_1_5' title='bbox 626 561 812 607; x_wconf 91' lang='lat' dir='ltr'>Sabaot</span> <span class='ocrx_word' id='word_1_6' title='bbox 843 560 1122 606; x_wconf 88' lang='lat' dir='ltr'>laborando</span> <span class='ocrx_word' id='word_1_7' title='bbox 1158 562 1292 607; x_wconf 89' lang='lat' dir='ltr'>circa</span> <span class='ocrx_word' id='word_1_8' title='bbox 1328 562 1478 608; x_wconf 89' lang='lat' dir='ltr'>horas</span> <span class='ocrx_word' id='word_1_9' title='bbox 1514 562 1781 608; x_wconf 88' lang='lat' dir='ltr'>canonicas</span> <span class='ocrx_word' id='word_1_10' title='bbox 1818 561 2020 607; x_wconf 88' lang='lat' dir='ltr'>diurnas</span> <span class='ocrx_word' id='word_1_11' title='bbox 2057 564 2107 608; x_wconf 90' lang='lat' dir='ltr'>et</span> <span class='ocrx_word' id='word_1_12' title='bbox 2142 563 2425 618; x_wconf 88' lang='lat' dir='ltr'>nocturnas,</span> 
     </span>
     <span class='ocr_line' id='line_1_3' title="bbox 375 624 2427 684; baseline 0 -14"><span class='ocrx_word' id='word_1_13' title='bbox 375 639 552 684; x_wconf 88' lang='lat' dir='ltr'>graues</span> <span class='ocrx_word' id='word_1_14' title='bbox 612 625 772 670; x_wconf 87' lang='lat' dir='ltr'>eciam</span> <span class='ocrx_word' id='word_1_15' title='bbox 819 639 1100 682; x_wconf 81' lang='lat' dir='ltr'>erumpnaS,</span> <span class='ocrx_word' id='word_1_16' title='bbox 1147 625 1330 670; x_wconf 89' lang='lat' dir='ltr'>ieiunia</span> <span class='ocrx_word' id='word_1_17' title='bbox 1374 629 1424 670; x_wconf 91' lang='lat' dir='ltr'>et</span> <span class='ocrx_word' id='word_1_18' title='bbox 1468 625 1662 684; x_wconf 87' lang='lat' dir='ltr'>vigilias</span> <span class='ocrx_word' id='word_1_19' title='bbox 1706 625 1963 684; x_wconf 79' lang='lat' dir='ltr'>pacienter</span> <span class='ocrx_word' id='word_1_20' title='bbox 2013 624 2321 680; x_wconf 86' lang='lat' dir='ltr'>sustinendo,</span> <span class='ocrx_word' id='word_1_21' title='bbox 2366 639 2427 670; x_wconf 87' lang='lat' dir='ltr'>ac</span> 
     </span>
     <span class='ocr_line' id='line_1_4' title="bbox 379 687 2429 747; baseline -0.001 -13"><span class='ocrx_word' id='word_1_22' title='bbox 379 690 582 746; x_wconf 91' lang='lat' dir='ltr'>insuper</span> <span class='ocrx_word' id='word_1_23' title='bbox 619 687 1040 746; x_wconf 89' lang='lat' dir='ltr'>contemplacioni</span> <span class='ocrx_word' id='word_1_24' title='bbox 1077 687 1256 746; x_wconf 89' lang='lat' dir='ltr'>iugiter</span> <span class='ocrx_word' id='word_1_25' title='bbox 1296 689 1574 734; x_wconf 88' lang='lat' dir='ltr'>insistendo</span> <span class='ocrx_word' id='word_1_26' title='bbox 1610 703 1702 747; x_wconf 92' lang='lat' dir='ltr'>pro</span> <span class='ocrx_word' id='word_1_27' title='bbox 1740 691 1791 734; x_wconf 89' lang='lat' dir='ltr'>vt</span> <span class='ocrx_word' id='word_1_28' title='bbox 1825 689 2036 747; x_wconf 80' lang='lat' dir='ltr'>Spiritus</span> <span class='ocrx_word' id='word_1_29' title='bbox 2060 691 2260 734; x_wconf 89' lang='lat' dir='ltr'>sanctus</span> <span class='ocrx_word' id='word_1_30' title='bbox 2283 687 2429 733; x_wconf 89' lang='lat' dir='ltr'>nobis</span> 
     </span>
     <span class='ocr_line' id='line_1_5' title="bbox 379 750 2428 810; baseline 0 -14"><span class='ocrx_word' id='word_1_31' title='bbox 379 752 622 810; x_wconf 88' lang='lat' dir='ltr'>inspirare</span> <span class='ocrx_word' id='word_1_32' title='bbox 661 750 905 809; x_wconf 83' lang='lat' dir='ltr'>dignatur.</span> <span class='ocrx_word' id='word_1_33' title='bbox 998 750 1062 794; x_wconf 90' lang='lat' dir='ltr'>Et</span> <span class='ocrx_word' id='word_1_34' title='bbox 1087 750 1223 796; x_wconf 90' lang='lat' dir='ltr'>dicta</span> <span class='ocrx_word' id='word_1_35' title='bbox 1248 751 1532 810; x_wconf 86' lang='lat' dir='ltr'>Margareta</span> <span class='ocrx_word' id='word_1_36' title='bbox 1556 751 1750 806; x_wconf 89' lang='lat' dir='ltr'>Crosse,</span> <span class='ocrx_word' id='word_1_37' title='bbox 1777 751 2063 797; x_wconf 91' lang='lat' dir='ltr'>huiusmodi</span> <span class='ocrx_word' id='word_1_38' title='bbox 2086 751 2428 798; x_wconf 91' lang='lat' dir='ltr'>obseruanciis</span> 
     </span>
     <span class='ocr_line' id='line_1_6' title="bbox 380 813 2429 873; baseline 0 -13"><span class='ocrx_word' id='word_1_39' title='bbox 380 814 690 873; x_wconf 83' lang='lat' dir='ltr'>regularibus</span> <span class='ocrx_word' id='word_1_40' title='bbox 736 813 1038 859; x_wconf 87' lang='lat' dir='ltr'>sufficienter</span> <span class='ocrx_word' id='word_1_41' title='bbox 1083 814 1307 859; x_wconf 90' lang='lat' dir='ltr'>instituta</span> <span class='ocrx_word' id='word_1_42' title='bbox 1351 829 1411 860; x_wconf 91' lang='lat' dir='ltr'>ac</span> <span class='ocrx_word' id='word_1_43' title='bbox 1456 815 1522 860; x_wconf 86' lang='lat' dir='ltr'>ad</span> <span class='ocrx_word' id='word_1_44' title='bbox 1567 814 1954 860; x_wconf 89' lang='lat' dir='ltr'>deseruiendum</span> <span class='ocrx_word' id='word_1_45' title='bbox 2001 815 2111 861; x_wconf 90' lang='lat' dir='ltr'>Deo</span> <span class='ocrx_word' id='word_1_46' title='bbox 2161 815 2212 859; x_wconf 91' lang='lat' dir='ltr'>in</span> <span class='ocrx_word' id='word_1_47' title='bbox 2257 816 2429 860; x_wconf 88' lang='lat' dir='ltr'>nostro</span> 
     </span>
     <span class='ocr_line' id='line_1_7' title="bbox 381 876 2430 937; baseline 0 -15"><span class='ocrx_word' id='word_1_48' title='bbox 381 878 606 937; x_wconf 82' lang='lat' dir='ltr'>prioratu</span> <span class='ocrx_word' id='word_1_49' title='bbox 651 877 881 935; x_wconf 91' lang='lat' dir='ltr'>predicto</span> <span class='ocrx_word' id='word_1_50' title='bbox 926 876 1135 921; x_wconf 86' lang='lat' dir='ltr'>multum</span> <span class='ocrx_word' id='word_1_51' title='bbox 1171 878 1464 934; x_wconf 89' lang='lat' dir='ltr'>necessaria,</span> <span class='ocrx_word' id='word_1_52' title='bbox 1506 879 1556 923; x_wconf 93' lang='lat' dir='ltr'>in</span> <span class='ocrx_word' id='word_1_53' title='bbox 1597 878 1788 923; x_wconf 90' lang='lat' dir='ltr'>dictum</span> <span class='ocrx_word' id='word_1_54' title='bbox 1828 878 2102 937; x_wconf 88' lang='lat' dir='ltr'>prioratum</span> <span class='ocrx_word' id='word_1_55' title='bbox 2140 876 2430 923; x_wconf 89' lang='lat' dir='ltr'>monialium</span> 
     </span>
     <span class='ocr_line' id='line_1_8' title="bbox 381 939 2429 1002; baseline 0 -16"><span class='ocrx_word' id='word_1_56' title='bbox 381 942 553 986; x_wconf 87' lang='lat' dir='ltr'>sancte</span> <span class='ocrx_word' id='word_1_57' title='bbox 592 939 876 998; x_wconf 88' lang='lat' dir='ltr'>Margarete</span> <span class='ocrx_word' id='word_1_58' title='bbox 913 939 1140 999; x_wconf 85' lang='lat' dir='ltr'>predicte</span> <span class='ocrx_word' id='word_1_59' title='bbox 1165 940 1204 985; x_wconf 90' lang='lat' dir='ltr'>si</span> <span class='ocrx_word' id='word_1_60' title='bbox 1228 940 1568 997; x_wconf 83' lang='lat' dir='ltr'>transferatur,</span> <span class='ocrx_word' id='word_1_61' title='bbox 1593 942 1643 986; x_wconf 90' lang='lat' dir='ltr'>in</span> <span class='ocrx_word' id='word_1_62' title='bbox 1668 954 1768 1002; x_wconf 92' lang='lat' dir='ltr'>quo</span> <span class='ocrx_word' id='word_1_63' title='bbox 1791 940 2078 987; x_wconf 91' lang='lat' dir='ltr'>huiusmodi</span> <span class='ocrx_word' id='word_1_64' title='bbox 2102 940 2429 987; x_wconf 86' lang='lat' dir='ltr'>obseruancie</span> 
     </span>
     <span class='ocr_line' id='line_1_9' title="bbox 381 1003 2428 1063; baseline 0 -15"><span class='ocrx_word' id='word_1_65' title='bbox 381 1003 633 1061; x_wconf 83' lang='lat' dir='ltr'>regulares</span> <span class='ocrx_word' id='word_1_66' title='bbox 678 1006 728 1048; x_wconf 93' lang='lat' dir='ltr'>et</span> <span class='ocrx_word' id='word_1_67' title='bbox 773 1003 1233 1062; x_wconf 84' lang='lat' dir='ltr'>contemplaciones</span> <span class='ocrx_word' id='word_1_68' title='bbox 1279 1005 1406 1049; x_wconf 93' lang='lat' dir='ltr'>sicut</span> <span class='ocrx_word' id='word_1_69' title='bbox 1450 1005 1500 1049; x_wconf 90' lang='lat' dir='ltr'>in</span> <span class='ocrx_word' id='word_1_70' title='bbox 1547 1007 1719 1050; x_wconf 89' lang='lat' dir='ltr'>nostro</span> <span class='ocrx_word' id='word_1_71' title='bbox 1765 1005 1988 1063; x_wconf 88' lang='lat' dir='ltr'>prioratu</span> <span class='ocrx_word' id='word_1_72' title='bbox 2031 1004 2288 1050; x_wconf 87' lang='lat' dir='ltr'>antedicto</span> <span class='ocrx_word' id='word_1_73' title='bbox 2327 1016 2428 1048; x_wconf 91' lang='lat' dir='ltr'>non</span> 
     </span>
     <span class='ocr_line' id='line_1_10' title="bbox 383 1066 2430 1128; baseline 0 -17"><span class='ocrx_word' id='word_1_74' title='bbox 383 1066 631 1112; x_wconf 88' lang='lat' dir='ltr'>habentur</span> <span class='ocrx_word' id='word_1_75' title='bbox 675 1069 776 1111; x_wconf 89' lang='lat' dir='ltr'>tam</span> <span class='ocrx_word' id='word_1_76' title='bbox 816 1066 978 1126; x_wconf 90' lang='lat' dir='ltr'>plene,</span> <span class='ocrx_word' id='word_1_77' title='bbox 1019 1067 1103 1111; x_wconf 89' lang='lat' dir='ltr'>vbi</span> <span class='ocrx_word' id='word_1_78' title='bbox 1143 1068 1302 1112; x_wconf 90' lang='lat' dir='ltr'>eciam</span> <span class='ocrx_word' id='word_1_79' title='bbox 1561 1066 1576 1095; x_wconf 86' lang='lat'>1</span> <span class='ocrx_word' id='word_1_80' title='bbox 1616 1081 1757 1113; x_wconf 91' lang='lat' dir='ltr'>soror</span> <span class='ocrx_word' id='word_1_81' title='bbox 1797 1068 1903 1113; x_wconf 91' lang='lat' dir='ltr'>eius</span> <span class='ocrx_word' id='word_1_82' title='bbox 1943 1068 2155 1113; x_wconf 89' lang='lat' dir='ltr'>carnalis</span> <span class='ocrx_word' id='word_1_83' title='bbox 2191 1069 2430 1128; x_wconf 88' lang='lat' dir='ltr'>tanquam</span> 
     </span>
     <span class='ocr_line' id='line_1_11' title="bbox 381 1129 2431 1192; baseline 0 -18"><span class='ocrx_word' id='word_1_84' title='bbox 381 1129 631 1189; x_wconf 84' lang='lat' dir='ltr'>priorissa</span> <span class='ocrx_word' id='word_1_85' title='bbox 679 1130 854 1189; x_wconf 86' lang='lat' dir='ltr'>pocius</span> <span class='ocrx_word' id='word_1_86' title='bbox 894 1143 948 1175; x_wconf 88' lang='lat' dir='ltr'>se</span> <span class='ocrx_word' id='word_1_87' title='bbox 986 1130 1147 1188; x_wconf 89' lang='lat' dir='ltr'>ipsam</span> <span class='ocrx_word' id='word_1_88' title='bbox 1188 1129 1399 1175; x_wconf 89' lang='lat' dir='ltr'>donaret</span> <span class='ocrx_word' id='word_1_89' title='bbox 1438 1131 1825 1192; x_wconf 86' lang='lat' dir='ltr'>circumquaque</span> <span class='ocrx_word' id='word_1_90' title='bbox 1865 1131 2170 1177; x_wconf 88' lang='lat' dir='ltr'>secularibus</span> <span class='ocrx_word' id='word_1_91' title='bbox 2207 1130 2431 1189; x_wconf 88' lang='lat' dir='ltr'>negociis</span> 
     </span>
     <span class='ocr_line' id='line_1_12' title="bbox 382 1192 2430 1254; baseline 0 -17"><span class='ocrx_word' id='word_1_92' title='bbox 382 1207 531 1254; x_wconf 89' lang='lat' dir='ltr'>quam</span> <span class='ocrx_word' id='word_1_93' title='bbox 577 1192 862 1238; x_wconf 87' lang='lat' dir='ltr'>huiusmodi</span> <span class='ocrx_word' id='word_1_94' title='bbox 909 1193 1331 1252; x_wconf 90' lang='lat' dir='ltr'>contemplacioni</span> <span class='ocrx_word' id='word_1_95' title='bbox 1387 1208 1475 1239; x_wconf 91' lang='lat' dir='ltr'>seu</span> <span class='ocrx_word' id='word_1_96' title='bbox 1529 1194 1878 1240; x_wconf 88' lang='lat' dir='ltr'>obseruacioni</span> <span class='ocrx_word' id='word_1_97' title='bbox 1922 1195 2168 1253; x_wconf 88' lang='lat' dir='ltr'>regulari;</span> <span class='ocrx_word' id='word_1_98' title='bbox 2217 1195 2267 1239; x_wconf 86' lang='lat' dir='ltr'>et</span> <span class='ocrx_word' id='word_1_99' title='bbox 2311 1192 2430 1239; x_wconf 91' lang='lat' dir='ltr'>inde</span> 
     </span>
     <span class='ocr_line' id='line_1_13' title="bbox 382 1255 2431 1318; baseline 0 -16"><span class='ocrx_word' id='word_1_100' title='bbox 382 1257 569 1302; x_wconf 90' lang='lat' dir='ltr'>orietur</span> <span class='ocrx_word' id='word_1_101' title='bbox 606 1256 752 1301; x_wconf 88' lang='lat' dir='ltr'>nobis</span> <span class='ocrx_word' id='word_1_102' title='bbox 789 1258 839 1302; x_wconf 91' lang='lat' dir='ltr'>et</span> <span class='ocrx_word' id='word_1_103' title='bbox 875 1257 1116 1315; x_wconf 89' lang='lat' dir='ltr'>prioratui</span> <span class='ocrx_word' id='word_1_104' title='bbox 1153 1259 1326 1302; x_wconf 91' lang='lat' dir='ltr'>nostro</span> <span class='ocrx_word' id='word_1_105' title='bbox 1363 1271 1463 1303; x_wconf 91' lang='lat' dir='ltr'>non</span> <span class='ocrx_word' id='word_1_106' title='bbox 1497 1261 1599 1302; x_wconf 89' lang='lat' dir='ltr'>tam</span> <span class='ocrx_word' id='word_1_107' title='bbox 1623 1258 1789 1316; x_wconf 90' lang='lat' dir='ltr'>grauis</span> <span class='ocrx_word' id='word_1_108' title='bbox 1811 1257 2016 1304; x_wconf 78' lang='lat' dir='ltr'>infamia</span> <span class='ocrx_word' id='word_1_109' title='bbox 2039 1271 2131 1318; x_wconf 90' lang='lat' dir='ltr'>pro</span> <span class='ocrx_word' id='word_1_110' title='bbox 2155 1270 2216 1303; x_wconf 93' lang='lat' dir='ltr'>eo</span> <span class='ocrx_word' id='word_1_111' title='bbox 2240 1255 2377 1318; x_wconf 91' lang='lat' dir='ltr'>quod</span> <span class='ocrx_word' id='word_1_112' title='bbox 2401 1271 2431 1302; x_wconf 88' lang='lat' dir='ltr'>a</span> 
     </span>
     <span class='ocr_line' id='line_1_14' title="bbox 381 1319 2431 1383; baseline 0 -19"><span class='ocrx_word' id='word_1_113' title='bbox 381 1319 550 1365; x_wconf 92' lang='lat' dir='ltr'>seculo</span> <span class='ocrx_word' id='word_1_114' title='bbox 574 1333 675 1364; x_wconf 90' lang='lat' dir='ltr'>non</span> <span class='ocrx_word' id='word_1_115' title='bbox 701 1322 807 1365; x_wconf 89' lang='lat' dir='ltr'>erat</span> <span class='ocrx_word' id='word_1_116' title='bbox 830 1319 1056 1365; x_wconf 88' lang='lat' dir='ltr'>auditum</span> <span class='ocrx_word' id='word_1_117' title='bbox 1081 1320 1218 1380; x_wconf 91' lang='lat' dir='ltr'>quod</span> <span class='ocrx_word' id='word_1_118' title='bbox 1242 1321 1470 1366; x_wconf 89' lang='lat' dir='ltr'>monialis</span> <span class='ocrx_word' id='word_1_119' title='bbox 1493 1321 1557 1366; x_wconf 90' lang='lat' dir='ltr'>ab</span> <span class='ocrx_word' id='word_1_120' title='bbox 1581 1321 1699 1366; x_wconf 90' lang='lat' dir='ltr'>inde</span> <span class='ocrx_word' id='word_1_121' title='bbox 1724 1322 1944 1376; x_wconf 86' lang='lat' dir='ltr'>recessit</span> <span class='ocrx_word' id='word_1_122' title='bbox 1969 1335 2118 1383; x_wconf 87' lang='lat' dir='ltr'>quam</span> <span class='ocrx_word' id='word_1_123' title='bbox 2141 1320 2301 1366; x_wconf 89' lang='lat' dir='ltr'>eciam</span> <span class='ocrx_word' id='word_1_124' title='bbox 2329 1333 2431 1366; x_wconf 91' lang='lat' dir='ltr'>non</span> 
     </span>
     <span class='ocr_line' id='line_1_15' title="bbox 383 1382 2432 1442; baseline 0 -15"><span class='ocrx_word' id='word_1_125' title='bbox 383 1382 583 1428; x_wconf 89' lang='lat' dir='ltr'>modica</span> <span class='ocrx_word' id='word_1_126' title='bbox 627 1383 829 1439; x_wconf 88' lang='lat' dir='ltr'>iactura,</span> <span class='ocrx_word' id='word_1_127' title='bbox 871 1384 1134 1442; x_wconf 89' lang='lat' dir='ltr'>presertim</span> <span class='ocrx_word' id='word_1_128' title='bbox 1180 1398 1294 1429; x_wconf 87' lang='lat' dir='ltr'>cum</span> <span class='ocrx_word' id='word_1_129' title='bbox 1338 1383 1625 1429; x_wconf 87' lang='lat' dir='ltr'>huiusmodi</span> <span class='ocrx_word' id='word_1_130' title='bbox 1665 1384 2053 1431; x_wconf 89' lang='lat' dir='ltr'>decantaciones</span> <span class='ocrx_word' id='word_1_131' title='bbox 2092 1387 2142 1430; x_wconf 90' lang='lat' dir='ltr'>et</span> <span class='ocrx_word' id='word_1_132' title='bbox 2181 1382 2432 1442; x_wconf 88' lang='lat' dir='ltr'>regulares</span> 
     </span>
     <span class='ocr_line' id='line_1_16' title="bbox 383 1446 2430 1507; baseline 0.001 -17"><span class='ocrx_word' id='word_1_133' title='bbox 383 1446 710 1492; x_wconf 90' lang='lat' dir='ltr'>obseruancie</span> <span class='ocrx_word' id='word_1_134' title='bbox 735 1450 941 1505; x_wconf 90' lang='lat' dir='ltr'>propter</span> <span class='ocrx_word' id='word_1_135' title='bbox 963 1447 1250 1492; x_wconf 89' lang='lat' dir='ltr'>absenciam</span> <span class='ocrx_word' id='word_1_136' title='bbox 1275 1447 1409 1492; x_wconf 92' lang='lat' dir='ltr'>dicte</span> <span class='ocrx_word' id='word_1_137' title='bbox 1439 1447 1639 1506; x_wconf 77' lang='lat' dir='ltr'>Margai</span> <span class='ocrx_word' id='word_1_138' title='bbox 1643 1451 1722 1493; x_wconf 93' lang='lat' dir='ltr'>ete</span> <span class='ocrx_word' id='word_1_139' title='bbox 1744 1446 2106 1494; x_wconf 74' lang='lat' dir='ltr'>veresimiliter²</span> <span class='ocrx_word' id='word_1_140' title='bbox 2129 1446 2430 1507; x_wconf 85' lang='lat' dir='ltr'>deperirent.</span> 
     </span>
     <span class='ocr_line' id='line_1_17' title="bbox 387 1509 2432 1568; baseline 0 -14"><span class='ocrx_word' id='word_1_141' title='bbox 387 1509 619 1554; x_wconf 88' lang='lat' dir='ltr'>Preterea</span> <span class='ocrx_word' id='word_1_142' title='bbox 644 1509 778 1555; x_wconf 91' lang='lat' dir='ltr'>dicta</span> <span class='ocrx_word' id='word_1_143' title='bbox 803 1510 1088 1568; x_wconf 82' lang='lat' dir='ltr'>Margareta</span> <span class='ocrx_word' id='word_1_144' title='bbox 1109 1509 1290 1555; x_wconf 88' lang='lat' dir='ltr'>Crosse</span> <span class='ocrx_word' id='word_1_145' title='bbox 1314 1525 1414 1555; x_wconf 91' lang='lat' dir='ltr'>non</span> <span class='ocrx_word' id='word_1_146' title='bbox 1440 1510 1572 1556; x_wconf 89' lang='lat' dir='ltr'>nulla</span> <span class='ocrx_word' id='word_1_147' title='bbox 1596 1511 1743 1566; x_wconf 85' lang='lat' dir='ltr'>bona,</span> <span class='ocrx_word' id='word_1_148' title='bbox 1763 1525 1843 1556; x_wconf 93' lang='lat' dir='ltr'>res</span> <span class='ocrx_word' id='word_1_149' title='bbox 1862 1514 1911 1557; x_wconf 88' lang='lat' dir='ltr'>et</span> <span class='ocrx_word' id='word_1_150' title='bbox 1929 1511 2107 1558; x_wconf 90' lang='lat' dir='ltr'>iocalia</span> <span class='ocrx_word' id='word_1_151' title='bbox 2123 1509 2189 1556; x_wconf 91' lang='lat' dir='ltr'>ad</span> <span class='ocrx_word' id='word_1_152' title='bbox 2207 1512 2432 1556; x_wconf 90' lang='lat' dir='ltr'>nostrum</span> 
     </span>
     <span class='ocr_line' id='line_1_18' title="bbox 384 1573 2432 1634; baseline 0 -17"><span class='ocrx_word' id='word_1_153' title='bbox 384 1574 660 1632; x_wconf 88' lang='lat' dir='ltr'>prioratum</span> <span class='ocrx_word' id='word_1_154' title='bbox 706 1574 993 1632; x_wconf 89' lang='lat' dir='ltr'>spectancia</span> <span class='ocrx_word' id='word_1_155' title='bbox 1038 1588 1127 1632; x_wconf 92' lang='lat' dir='ltr'>per</span> <span class='ocrx_word' id='word_1_156' title='bbox 1172 1573 1417 1634; x_wconf 87' lang='lat' dir='ltr'>quosdam</span> <span class='ocrx_word' id='word_1_157' title='bbox 1462 1575 1652 1619; x_wconf 90' lang='lat' dir='ltr'>amicos</span> <span class='ocrx_word' id='word_1_158' title='bbox 1697 1574 1832 1620; x_wconf 90' lang='lat' dir='ltr'>dicte</span> <span class='ocrx_word' id='word_1_159' title='bbox 1879 1575 2163 1634; x_wconf 86' lang='lat' dir='ltr'>Margarete</span> <span class='ocrx_word' id='word_1_160' title='bbox 2207 1573 2432 1620; x_wconf 87' lang='lat' dir='ltr'>carnales</span> 
     </span>
     <span class='ocr_line' id='line_1_19' title="bbox 384 1635 2433 1696; baseline 0 -15"><span class='ocrx_word' id='word_1_161' title='bbox 384 1637 687 1681; x_wconf 84' lang='lat' dir='ltr'>contrectari</span> <span class='ocrx_word' id='word_1_162' title='bbox 711 1636 831 1682; x_wconf 82' lang='lat' dir='ltr'>fecit</span> <span class='ocrx_word' id='word_1_163' title='bbox 855 1640 904 1682; x_wconf 94' lang='lat' dir='ltr'>et</span> <span class='ocrx_word' id='word_1_164' title='bbox 929 1636 1186 1682; x_wconf 88' lang='lat' dir='ltr'>mandauit</span> <span class='ocrx_word' id='word_1_165' title='bbox 1207 1651 1237 1682; x_wconf 89' lang='lat' dir='ltr'>a</span> <span class='ocrx_word' id='word_1_166' title='bbox 1260 1641 1432 1683; x_wconf 89' lang='lat' dir='ltr'>nostro</span> <span class='ocrx_word' id='word_1_167' title='bbox 1455 1638 1678 1696; x_wconf 87' lang='lat' dir='ltr'>prioratu</span> <span class='ocrx_word' id='word_1_168' title='bbox 1700 1637 1958 1684; x_wconf 89' lang='lat' dir='ltr'>antedicto</span> <span class='ocrx_word' id='word_1_169' title='bbox 1984 1638 2049 1684; x_wconf 89' lang='lat' dir='ltr'>ad</span> <span class='ocrx_word' id='word_1_170' title='bbox 2081 1638 2194 1684; x_wconf 89' lang='lat' dir='ltr'>loca</span> <span class='ocrx_word' id='word_1_171' title='bbox 2227 1635 2433 1683; x_wconf 80' lang='lat' dir='ltr'>foranea</span> 
     </span>
     <span class='ocr_line' id='line_1_20' title="bbox 385 1700 2432 1758; baseline 0 -14"><span class='ocrx_word' id='word_1_172' title='bbox 385 1702 434 1745; x_wconf 92' lang='lat' dir='ltr'>et</span> <span class='ocrx_word' id='word_1_173' title='bbox 471 1700 678 1758; x_wconf 88' lang='lat' dir='ltr'>priuata,</span> <span class='ocrx_word' id='word_1_174' title='bbox 716 1714 774 1745; x_wconf 90' lang='lat' dir='ltr'>ac</span> <span class='ocrx_word' id='word_1_175' title='bbox 812 1700 1098 1746; x_wconf 89' lang='lat' dir='ltr'>huiusmodi</span> <span class='ocrx_word' id='word_1_176' title='bbox 1135 1700 1548 1746; x_wconf 81' lang='lat' dir='ltr'>contradiccioni³</span> <span class='ocrx_word' id='word_1_177' title='bbox 1582 1715 1672 1747; x_wconf 92' lang='lat' dir='ltr'>suo</span> <span class='ocrx_word' id='word_1_178' title='bbox 1708 1702 1911 1747; x_wconf 91' lang='lat' dir='ltr'>nomine</span> <span class='ocrx_word' id='word_1_179' title='bbox 1946 1701 2079 1748; x_wconf 80' lang='lat' dir='ltr'>facte</span> <span class='ocrx_word' id='word_1_180' title='bbox 2114 1700 2432 1747; x_wconf 85' lang='lat' dir='ltr'>autoritatem</span> 
     </span>
     <span class='ocr_line' id='line_1_21' title="bbox 383 1762 2432 1823; baseline 0.001 -16"><span class='ocrx_word' id='word_1_181' title='bbox 383 1763 653 1822; x_wconf 85' lang='lat' dir='ltr'>prestabat,</span> <span class='ocrx_word' id='word_1_182' title='bbox 674 1778 732 1808; x_wconf 88' lang='lat' dir='ltr'>ea</span> <span class='ocrx_word' id='word_1_183' title='bbox 756 1763 1042 1809; x_wconf 86' lang='lat' dir='ltr'>intencione</span> <span class='ocrx_word' id='word_1_184' title='bbox 1059 1762 1267 1809; x_wconf 88' lang='lat' dir='ltr'>firmiter</span> <span class='ocrx_word' id='word_1_185' title='bbox 1284 1766 1336 1809; x_wconf 88' lang='lat' dir='ltr'>vt</span> <span class='ocrx_word' id='word_1_186' title='bbox 1354 1767 1595 1822; x_wconf 84' lang='lat' dir='ltr'>speratur,</span> <span class='ocrx_word' id='word_1_187' title='bbox 1614 1767 1680 1821; x_wconf 88' lang='lat' dir='ltr'>vt,</span> <span class='ocrx_word' id='word_1_188' title='bbox 1701 1765 1958 1811; x_wconf 85' lang='lat' dir='ltr'>cuiusdam</span> <span class='ocrx_word' id='word_1_189' title='bbox 1983 1765 2146 1811; x_wconf 91' lang='lat' dir='ltr'>noctis</span> <span class='ocrx_word' id='word_1_190' title='bbox 2169 1763 2432 1823; x_wconf 89' lang='lat' dir='ltr'>captandis</span> 
     </span>
     <span class='ocr_line' id='line_1_22' title="bbox 384 1825 2434 1887; baseline 0.001 -16"><span class='ocrx_word' id='word_1_191' title='bbox 384 1825 638 1881; x_wconf 71' lang='lat' dir='ltr'>tenebris,4</span> <span class='ocrx_word' id='word_1_192' title='bbox 661 1827 794 1872; x_wconf 90' lang='lat' dir='ltr'>velut</span> <span class='ocrx_word' id='word_1_193' title='bbox 818 1827 1023 1885; x_wconf 90' lang='lat' dir='ltr'>angelus</span> <span class='ocrx_word' id='word_1_194' title='bbox 1047 1827 1300 1873; x_wconf 86' lang='lat' dir='ltr'>Sathane</span> <span class='ocrx_word' id='word_1_195' title='bbox 1289 1843 1340 1872; x_wconf 80' lang='lat' dir='ltr'>in</span> <span class='ocrx_word' id='word_1_196' title='bbox 1363 1827 1596 1887; x_wconf 87' lang='lat' dir='ltr'>angelum</span> <span class='ocrx_word' id='word_1_197' title='bbox 1620 1828 1745 1873; x_wconf 92' lang='lat' dir='ltr'>lucis</span> <span class='ocrx_word' id='word_1_198' title='bbox 1769 1843 1822 1874; x_wconf 92' lang='lat' dir='ltr'>se</span> <span class='ocrx_word' id='word_1_199' title='bbox 1844 1828 2219 1883; x_wconf 54' lang='lat' dir='ltr'>transformans</span> <span class='ocrx_word' id='word_1_200' title='bbox 2239 1827 2304 1873; x_wconf 91' lang='lat' dir='ltr'>ad</span> <span class='ocrx_word' id='word_1_201' title='bbox 2321 1827 2434 1873; x_wconf 90' lang='lat' dir='ltr'>loca</span> 
     </span>
     <span class='ocr_line' id='line_1_23' title="bbox 384 1890 2433 1962; baseline 0 -27"><span class='ocrx_word' id='word_1_202' title='bbox 384 1890 583 1948; x_wconf 89' lang='lat' dir='ltr'>penitus</span> <span class='ocrx_word' id='word_1_203' title='bbox 608 1893 843 1935; x_wconf 89' lang='lat' dir='ltr'>extranea</span> <span class='ocrx_word' id='word_1_204' title='bbox 867 1905 919 1935; x_wconf 91' lang='lat' dir='ltr'>se</span> <span class='ocrx_word' id='word_1_205' title='bbox 942 1890 1253 1936; x_wconf 74' lang='lat' dir='ltr'>transferrat⁵</span> <span class='ocrx_word' id='word_1_206' title='bbox 1271 1891 1581 1937; x_wconf 88' lang='lat' dir='ltr'>inconsulte</span> <span class='ocrx_word' id='word_1_207' title='bbox 1570 1906 1620 1936; x_wconf 93' lang='lat' dir='ltr'>1n</span> <span class='ocrx_word' id='word_1_208' title='bbox 1639 1892 1872 1937; x_wconf 91' lang='lat' dir='ltr'>omnibus</span> <span class='ocrx_word' id='word_1_209' title='bbox 1889 1895 1939 1938; x_wconf 90' lang='lat' dir='ltr'>et</span> <span class='ocrx_word' id='word_1_210' title='bbox 1957 1907 2046 1952; x_wconf 89' lang='lat' dir='ltr'>per</span> <span class='ocrx_word' id='word_1_211' title='bbox 2065 1891 2245 1946; x_wconf 87' lang='lat' dir='ltr'>omnia,</span> <span class='ocrx_word' id='word_1_212' title='bbox 2253 1893 2433 1962; x_wconf 36' lang='lat' dir='ltr'>‘preter</span> 
     </span>
     <span class='ocr_line' id='line_1_24' title="bbox 384 1953 2433 2014; baseline 0 -16"><span class='ocrx_word' id='word_1_213' title='bbox 384 1955 435 1998; x_wconf 90' lang='lat' dir='ltr'>et</span> <span class='ocrx_word' id='word_1_214' title='bbox 458 1956 633 1999; x_wconf 89' lang='lat' dir='ltr'>contra</span> <span class='ocrx_word' id='word_1_215' title='bbox 655 1954 962 2000; x_wconf 88' lang='lat' dir='ltr'>voluntatem</span> <span class='ocrx_word' id='word_1_216' title='bbox 997 1957 1219 1999; x_wconf 89' lang='lat' dir='ltr'>nostram</span> <span class='ocrx_word' id='word_1_217' title='bbox 1256 1954 1480 2000; x_wconf 89' lang='lat' dir='ltr'>habitam</span> <span class='ocrx_word' id='word_1_218' title='bbox 1517 1969 1604 2000; x_wconf 91' lang='lat' dir='ltr'>seu</span> <span class='ocrx_word' id='word_1_219' title='bbox 1639 1956 1862 2014; x_wconf 88' lang='lat' dir='ltr'>petitam,</span> <span class='ocrx_word' id='word_1_220' title='bbox 1900 1955 2215 2014; x_wconf 88' lang='lat' dir='ltr'>sacrilegium</span> <span class='ocrx_word' id='word_1_221' title='bbox 2249 1954 2301 1999; x_wconf 92' lang='lat' dir='ltr'>in</span> <span class='ocrx_word' id='word_1_222' title='bbox 2337 1953 2433 2000; x_wconf 88' lang='lat' dir='ltr'>hac</span> 
     </span>
     <span class='ocr_line' id='line_1_25' title="bbox 383 2004 2432 2087; baseline 0 -25"><span class='ocrx_word' id='word_1_223' title='bbox 383 2019 526 2087; x_wconf 89' lang='lat' dir='ltr'>parte</span> <span class='ocrx_word' id='word_1_224' title='bbox 551 2004 939 2075; x_wconf 88' lang='lat' dir='ltr'>dampnabiliter</span> <span class='ocrx_word' id='word_1_225' title='bbox 962 2017 1265 2063; x_wconf 90' lang='lat' dir='ltr'>incurrendo</span> <span class='ocrx_word' id='word_1_226' title='bbox 1289 2017 1571 2079; x_wconf 80' lang='lat' dir='ltr'>frustraque</span> <span class='ocrx_word' id='word_1_227' title='bbox 1594 2019 1718 2077; x_wconf 88' lang='lat' dir='ltr'>legis</span> <span class='ocrx_word' id='word_1_228' title='bbox 1741 2019 1977 2064; x_wconf 88' lang='lat' dir='ltr'>auxilium</span> <span class='ocrx_word' id='word_1_229' title='bbox 2009 2017 2295 2064; x_wconf 87' lang='lat' dir='ltr'>inuocando</span> <span class='ocrx_word' id='word_1_230' title='bbox 2317 2031 2432 2063; x_wconf 88' lang='lat' dir='ltr'>cum</span> 
     </span>
     <span class='ocr_line' id='line_1_26' title="bbox 384 2079 2432 2141; baseline 0 -17"><span class='ocrx_word' id='word_1_231' title='bbox 384 2080 435 2124; x_wconf 90' lang='lat' dir='ltr'>in</span> <span class='ocrx_word' id='word_1_232' title='bbox 459 2079 622 2138; x_wconf 88' lang='lat' dir='ltr'>legem</span> <span class='ocrx_word' id='word_1_233' title='bbox 647 2081 938 2126; x_wconf 88' lang='lat' dir='ltr'>committat.</span> <span class='ocrx_word' id='word_1_234' title='bbox 1015 2081 1206 2139; x_wconf 79' lang='lat' dir='ltr'>Quibus</span> <span class='ocrx_word' id='word_1_235' title='bbox 1231 2095 1321 2140; x_wconf 91' lang='lat' dir='ltr'>per</span> <span class='ocrx_word' id='word_1_236' title='bbox 1343 2084 1560 2127; x_wconf 89' lang='lat' dir='ltr'>vestram</span> <span class='ocrx_word' id='word_1_237' title='bbox 1585 2082 1990 2128; x_wconf 87' lang='lat' dir='ltr'>dominacionem</span> <span class='ocrx_word' id='word_1_238' title='bbox 2023 2081 2332 2141; x_wconf 83' lang='lat' dir='ltr'>paternalem</span> <span class='ocrx_word' id='word_1_239' title='bbox 2367 2079 2432 2126; x_wconf 90' lang='lat' dir='ltr'>ad</span> 
     </span>
     <span class='ocr_line' id='line_1_27' title="bbox 384 2142 2432 2205; baseline 0.001 -18"><span class='ocrx_word' id='word_1_240' title='bbox 384 2142 587 2202; x_wconf 90' lang='lat' dir='ltr'>plenum</span> <span class='ocrx_word' id='word_1_241' title='bbox 611 2145 845 2202; x_wconf 87' lang='lat' dir='ltr'>pensatis,</span> <span class='ocrx_word' id='word_1_242' title='bbox 871 2145 1015 2190; x_wconf 89' lang='lat' dir='ltr'>vobis</span> <span class='ocrx_word' id='word_1_243' title='bbox 1039 2147 1273 2204; x_wconf 89' lang='lat' dir='ltr'>suggesta</span> <span class='ocrx_word' id='word_1_244' title='bbox 1296 2145 1346 2189; x_wconf 91' lang='lat' dir='ltr'>in</span> <span class='ocrx_word' id='word_1_245' title='bbox 1371 2145 1468 2191; x_wconf 93' lang='lat' dir='ltr'>hac</span> <span class='ocrx_word' id='word_1_246' title='bbox 1490 2148 1632 2204; x_wconf 85' lang='lat' dir='ltr'>parte</span> <span class='ocrx_word' id='word_1_247' title='bbox 1667 2160 1760 2205; x_wconf 90' lang='lat' dir='ltr'>pro</span> <span class='ocrx_word' id='word_1_248' title='bbox 1796 2149 1939 2205; x_wconf 90' lang='lat' dir='ltr'>parte</span> <span class='ocrx_word' id='word_1_249' title='bbox 1976 2145 2110 2191; x_wconf 92' lang='lat' dir='ltr'>dicte</span> <span class='ocrx_word' id='word_1_250' title='bbox 2149 2144 2432 2203; x_wconf 88' lang='lat' dir='ltr'>Margarete</span> 
     </span>
     <span class='ocr_line' id='line_1_28' title="bbox 385 2206 2432 2267; baseline 0.001 -16"><span class='ocrx_word' id='word_1_251' title='bbox 385 2206 566 2252; x_wconf 90' lang='lat' dir='ltr'>Crosse</span> <span class='ocrx_word' id='word_1_252' title='bbox 602 2221 771 2252; x_wconf 90' lang='lat' dir='ltr'>ueram</span> <span class='ocrx_word' id='word_1_253' title='bbox 812 2222 900 2253; x_wconf 94' lang='lat' dir='ltr'>seu</span> <span class='ocrx_word' id='word_1_254' title='bbox 939 2208 1139 2267; x_wconf 89' lang='lat' dir='ltr'>plenam</span> <span class='ocrx_word' id='word_1_255' title='bbox 1180 2222 1280 2253; x_wconf 91' lang='lat' dir='ltr'>non</span> <span class='ocrx_word' id='word_1_256' title='bbox 1321 2209 1581 2254; x_wconf 89' lang='lat' dir='ltr'>continent</span> <span class='ocrx_word' id='word_1_257' title='bbox 1618 2210 1896 2254; x_wconf 88' lang='lat' dir='ltr'>veritatem.</span> <span class='ocrx_word' id='word_1_258' title='bbox 1971 2208 2133 2264; x_wconf 89' lang='lat' dir='ltr'>Vnde,</span> <span class='ocrx_word' id='word_1_259' title='bbox 2159 2222 2272 2254; x_wconf 91' lang='lat' dir='ltr'>cum</span> <span class='ocrx_word' id='word_1_260' title='bbox 2297 2208 2432 2253; x_wconf 88' lang='lat' dir='ltr'>dicta</span> 
     </span>
     <span class='ocr_line' id='line_1_29' title="bbox 386 2269 2432 2331; baseline 0 -16"><span class='ocrx_word' id='word_1_261' title='bbox 386 2269 671 2329; x_wconf 89' lang='lat' dir='ltr'>Margareta</span> <span class='ocrx_word' id='word_1_262' title='bbox 714 2271 781 2316; x_wconf 89' lang='lat' dir='ltr'>ad</span> <span class='ocrx_word' id='word_1_263' title='bbox 826 2270 1015 2317; x_wconf 90' lang='lat' dir='ltr'>dictum</span> <span class='ocrx_word' id='word_1_264' title='bbox 1061 2272 1334 2330; x_wconf 90' lang='lat' dir='ltr'>prioratum</span> <span class='ocrx_word' id='word_1_265' title='bbox 1379 2275 1551 2318; x_wconf 92' lang='lat' dir='ltr'>sancte</span> <span class='ocrx_word' id='word_1_266' title='bbox 1598 2272 1882 2331; x_wconf 88' lang='lat' dir='ltr'>Margarete</span> <span class='ocrx_word' id='word_1_267' title='bbox 1922 2287 1984 2318; x_wconf 88' lang='lat' dir='ltr'>ex</span> <span class='ocrx_word' id='word_1_268' title='bbox 2023 2286 2150 2331; x_wconf 91' lang='lat' dir='ltr'>puro</span> <span class='ocrx_word' id='word_1_269' title='bbox 2188 2271 2354 2317; x_wconf 81' lang='lat' dir='ltr'>corde·</span> <span class='ocrx_word' id='word_1_270' title='bbox 2382 2274 2432 2317; x_wconf 87' lang='lat' dir='ltr'>et</span> 
     </span>
     <span class='ocr_line' id='line_1_30' title="bbox 384 2333 2432 2394; baseline 0 -16"><span class='ocrx_word' id='word_1_271' title='bbox 384 2334 701 2379; x_wconf 91' lang='lat' dir='ltr'>consciencia</span> <span class='ocrx_word' id='word_1_272' title='bbox 724 2349 782 2380; x_wconf 89' lang='lat' dir='ltr'>ac</span> <span class='ocrx_word' id='word_1_273' title='bbox 806 2333 908 2380; x_wconf 88' lang='lat' dir='ltr'>fide</span> <span class='ocrx_word' id='word_1_274' title='bbox 932 2349 1032 2380; x_wconf 92' lang='lat' dir='ltr'>non</span> <span class='ocrx_word' id='word_1_275' title='bbox 1056 2334 1173 2380; x_wconf 87' lang='lat' dir='ltr'>ficta</span> <span class='ocrx_word' id='word_1_276' title='bbox 1196 2336 1380 2381; x_wconf 90' lang='lat' dir='ltr'>intrare</span> <span class='ocrx_word' id='word_1_277' title='bbox 1403 2335 1532 2381; x_wconf 88' lang='lat' dir='ltr'>velle</span> <span class='ocrx_word' id='word_1_278' title='bbox 1555 2336 1759 2382; x_wconf 90' lang='lat' dir='ltr'>minime</span> <span class='ocrx_word' id='word_1_279' title='bbox 1789 2336 2092 2391; x_wconf 86' lang='lat' dir='ltr'>dinoscatur,</span> <span class='ocrx_word' id='word_1_280' title='bbox 2118 2348 2219 2380; x_wconf 91' lang='lat' dir='ltr'>non</span> <span class='ocrx_word' id='word_1_281' title='bbox 2243 2337 2319 2380; x_wconf 92' lang='lat' dir='ltr'>est</span> <span class='ocrx_word' id='word_1_282' title='bbox 2341 2348 2432 2394; x_wconf 91' lang='lat' dir='ltr'>per</span> 
     </span>
     <span class='ocr_line' id='line_1_31' title="bbox 383 2396 2432 2459; baseline 0.001 -18"><span class='ocrx_word' id='word_1_283' title='bbox 383 2410 475 2442; x_wconf 91' lang='lat' dir='ltr'>nos</span> <span class='ocrx_word' id='word_1_284' title='bbox 500 2396 636 2443; x_wconf 84' lang='lat' dir='ltr'>dicta</span> <span class='ocrx_word' id='word_1_285' title='bbox 661 2397 946 2457; x_wconf 88' lang='lat' dir='ltr'>Margareta</span> <span class='ocrx_word' id='word_1_286' title='bbox 968 2398 1034 2443; x_wconf 91' lang='lat' dir='ltr'>ad</span> <span class='ocrx_word' id='word_1_287' title='bbox 1058 2399 1334 2457; x_wconf 91' lang='lat' dir='ltr'>prioratum</span> <span class='ocrx_word' id='word_1_288' title='bbox 1358 2402 1530 2444; x_wconf 91' lang='lat' dir='ltr'>sancte</span> <span class='ocrx_word' id='word_1_289' title='bbox 1556 2399 1841 2458; x_wconf 90' lang='lat' dir='ltr'>Margarete</span> <span class='ocrx_word' id='word_1_290' title='bbox 1865 2399 2093 2459; x_wconf 90' lang='lat' dir='ltr'>predicte</span> <span class='ocrx_word' id='word_1_291' title='bbox 2123 2412 2238 2444; x_wconf 89' lang='lat' dir='ltr'>cum</span> <span class='ocrx_word' id='word_1_292' title='bbox 2262 2400 2432 2444; x_wconf 86' lang='lat' dir='ltr'>nostra</span> 
     </span>
     <span class='ocr_line' id='line_1_32' title="bbox 380 2459 2430 2522; baseline 0.001 -18"><span class='ocrx_word' id='word_1_293' title='bbox 380 2459 591 2506; x_wconf 88' lang='lat' dir='ltr'>licencia</span> <span class='ocrx_word' id='word_1_294' title='bbox 615 2461 707 2506; x_wconf 89' lang='lat' dir='ltr'>sub</span> <span class='ocrx_word' id='word_1_295' title='bbox 730 2461 908 2507; x_wconf 91' lang='lat' dir='ltr'>litteris</span> <span class='ocrx_word' id='word_1_296' title='bbox 931 2463 1184 2508; x_wconf 89' lang='lat' dir='ltr'>communi</span> <span class='ocrx_word' id='word_1_297' title='bbox 1216 2465 1388 2507; x_wconf 91' lang='lat' dir='ltr'>nostro</span> <span class='ocrx_word' id='word_1_298' title='bbox 1422 2462 1585 2522; x_wconf 90' lang='lat' dir='ltr'>sigillo</span> <span class='ocrx_word' id='word_1_299' title='bbox 1620 2462 1846 2521; x_wconf 90' lang='lat' dir='ltr'>sigillatis</span> <span class='ocrx_word' id='word_1_300' title='bbox 1881 2463 2092 2508; x_wconf 89' lang='lat' dir='ltr'>transire</span> <span class='ocrx_word' id='word_1_301' title='bbox 2128 2461 2285 2508; x_wconf 89' lang='lat' dir='ltr'>libere</span> <span class='ocrx_word' id='word_1_302' title='bbox 2321 2475 2430 2521; x_wconf 89' lang='lat' dir='ltr'>per-</span> 
     </span>
     <span class='ocr_line' id='line_1_33' title="bbox 381 2523 2431 2586; baseline 0.001 -18"><span class='ocrx_word' id='word_1_303' title='bbox 381 2523 640 2580; x_wconf 88' lang='lat' dir='ltr'>mittenda,</span> <span class='ocrx_word' id='word_1_304' title='bbox 666 2525 926 2584; x_wconf 91' lang='lat' dir='ltr'>potissime</span> <span class='ocrx_word' id='word_1_305' title='bbox 951 2540 1063 2571; x_wconf 90' lang='lat' dir='ltr'>cum</span> <span class='ocrx_word' id='word_1_306' title='bbox 1088 2525 1160 2571; x_wconf 93' lang='lat' dir='ltr'>sic</span> <span class='ocrx_word' id='word_1_307' title='bbox 1183 2524 1314 2571; x_wconf 78' lang='lat' dir='ltr'>foret</span> <span class='ocrx_word' id='word_1_308' title='bbox 1337 2540 1416 2571; x_wconf 91' lang='lat' dir='ltr'>res</span> <span class='ocrx_word' id='word_1_309' title='bbox 1439 2526 1556 2571; x_wconf 90' lang='lat' dir='ltr'>mali</span> <span class='ocrx_word' id='word_1_310' title='bbox 1581 2526 1797 2586; x_wconf 87' lang='lat' dir='ltr'>exempli</span> <span class='ocrx_word' id='word_1_311' title='bbox 1821 2527 1871 2571; x_wconf 91' lang='lat' dir='ltr'>in</span> <span class='ocrx_word' id='word_1_312' title='bbox 1895 2526 2123 2586; x_wconf 89' lang='lat' dir='ltr'>personis</span> <span class='ocrx_word' id='word_1_313' title='bbox 2153 2527 2431 2572; x_wconf 89' lang='lat' dir='ltr'>ceterarum</span> 
     </span>
     <span class='ocr_line' id='line_1_34' title="bbox 380 2588 2431 2649; baseline 0.001 -18"><span class='ocrx_word' id='word_1_314' title='bbox 380 2600 604 2633; x_wconf 89' lang='lat' dir='ltr'>sororum</span> <span class='ocrx_word' id='word_1_315' title='bbox 631 2590 925 2634; x_wconf 91' lang='lat' dir='ltr'>nostrarum.</span> <span class='ocrx_word' id='word_1_316' title='bbox 994 2589 1103 2647; x_wconf 80' lang='lat' dir='ltr'>Que</span> <span class='ocrx_word' id='word_1_317' title='bbox 1127 2589 1295 2634; x_wconf 89' lang='lat' dir='ltr'>omnia</span> <span class='ocrx_word' id='word_1_318' title='bbox 1318 2591 1369 2634; x_wconf 94' lang='lat' dir='ltr'>et</span> <span class='ocrx_word' id='word_1_319' title='bbox 1391 2589 1585 2649; x_wconf 90' lang='lat' dir='ltr'>singula</span> <span class='ocrx_word' id='word_1_320' title='bbox 1618 2591 1861 2648; x_wconf 89' lang='lat' dir='ltr'>premissa</span> <span class='ocrx_word' id='word_1_321' title='bbox 1894 2591 2058 2635; x_wconf 90' lang='lat' dir='ltr'>vestre</span> <span class='ocrx_word' id='word_1_322' title='bbox 2092 2588 2431 2634; x_wconf 89' lang='lat' dir='ltr'>dominacioni</span> 
     </span>
     <span class='ocr_line' id='line_1_35' title="bbox 379 2650 2427 2712; baseline 0 -17"><span class='ocrx_word' id='word_1_323' title='bbox 379 2650 623 2709; x_wconf 84' lang='lat' dir='ltr'>paternali</span> <span class='ocrx_word' id='word_1_324' title='bbox 669 2651 1001 2698; x_wconf 80' lang='lat' dir='ltr'>certificamus</span> <span class='ocrx_word' id='word_1_325' title='bbox 1045 2666 1136 2711; x_wconf 92' lang='lat' dir='ltr'>per</span> <span class='ocrx_word' id='word_1_326' title='bbox 1179 2656 1439 2711; x_wconf 90' lang='lat' dir='ltr'>presentes</span> <span class='ocrx_word' id='word_1_327' title='bbox 1483 2652 1646 2712; x_wconf 92' lang='lat' dir='ltr'>sigillo</span> <span class='ocrx_word' id='word_1_328' title='bbox 1690 2656 1863 2700; x_wconf 90' lang='lat' dir='ltr'>nostro</span> <span class='ocrx_word' id='word_1_329' title='bbox 1902 2652 2155 2700; x_wconf 91' lang='lat' dir='ltr'>communi</span> <span class='ocrx_word' id='word_1_330' title='bbox 2196 2652 2427 2711; x_wconf 84' lang='lat' dir='ltr'>signatas,</span> 
     </span>
    </p>
   </div>
   <div class='ocr_carea' id='block_1_3' title="bbox 380 2713 2428 2835">
    <p class='ocr_par' dir='ltr' id='par_1_3' title="bbox 380 2713 2428 2835">
     <span class='ocr_line' id='line_1_36' title="bbox 380 2713 2428 2822; baseline 0.001 -64"><span class='ocrx_word' id='word_1_331' title='bbox 380 2713 509 2759; x_wconf 89' lang='lat' dir='ltr'>Data</span> <span class='ocrx_word' id='word_1_332' title='bbox 531 2715 582 2822; x_wconf 77' lang='lat' dir='ltr'>idn</span> <span class='ocrx_word' id='word_1_333' title='bbox 607 2714 760 2761; x_wconf 91' lang='lat' dir='ltr'>domo</span> <span class='ocrx_word' id='word_1_334' title='bbox 785 2717 956 2761; x_wconf 88' lang='lat' dir='ltr'>nostra</span> <span class='ocrx_word' id='word_1_335' title='bbox 990 2716 1251 2775; x_wconf 91' lang='lat' dir='ltr'>capitulari</span> <span class='ocrx_word' id='word_1_336' title='bbox 1284 2717 1398 2776; x_wconf 86' lang='lat' dir='ltr'>xxvj</span> <span class='ocrx_word' id='word_1_337' title='bbox 1439 2716 1522 2763; x_wconf 93' lang='lat' dir='ltr'>die</span> <span class='ocrx_word' id='word_1_338' title='bbox 1561 2717 1746 2763; x_wconf 84' lang='lat' dir='ltr'>mensis</span> <span class='ocrx_word' id='word_1_339' title='bbox 1781 2716 2012 2777; x_wconf 85' lang='lat' dir='ltr'>Januarii‚</span> <span class='ocrx_word' id='word_1_340' title='bbox 2051 2729 2185 2761; x_wconf 88' lang='lat' dir='ltr'>anno</span> <span class='ocrx_word' id='word_1_341' title='bbox 2205 2715 2428 2771; x_wconf 47' lang='lat' dir='ltr'>‚Domini</span> 
     </span>
     <span class='ocr_line' id='line_1_37' title="bbox 380 2778 686 2835; baseline 0.013 -15"><span class='ocrx_word' id='word_1_342' title='bbox 380 2791 529 2835; x_wconf 88' lang='lat' dir='ltr'>supra</span> <span class='ocrx_word' id='word_1_343' title='bbox 572 2778 686 2824; x_wconf 86' lang='lat' dir='ltr'>icto.</span> 
     </span>
    </p>
   </div>
   <div class='ocr_carea' id='block_1_4' title="bbox 474 3619 1906 3708">
    <p class='ocr_par' dir='ltr' id='par_1_4' title="bbox 474 3619 1906 3708">
     <span class='ocr_line' id='line_1_38' title="bbox 474 3619 1906 3708; baseline 0.004 -51"><span class='ocrx_word' id='word_1_344' title='bbox 474 3619 491 3692; x_wconf 56' lang='grc' dir='ltr'>ἑ</span> <span class='ocrx_word' id='word_1_345' title='bbox 519 3620 646 3708; x_wconf 40' lang='lat' dir='ltr'>{jak</span> <span class='ocrx_word' id='word_1_346' title='bbox 677 3621 718 3658; x_wconf 88' lang='lat' dir='ltr'>in</span> <span class='ocrx_word' id='word_1_347' title='bbox 747 3621 941 3671; x_wconf 88' lang='lat' dir='ltr'>original:</span> <span class='ocrx_word' id='word_1_348' title='bbox 971 3631 1226 3662; x_wconf 81' lang='lat' dir='ltr'>conversatur</span> <span class='ocrx_word' id='word_1_349' title='bbox 1250 3638 1293 3662; x_wconf 85' lang='lat' dir='ltr'>or</span> <span class='ocrx_word' id='word_1_350' title='bbox 1320 3627 1425 3674; x_wconf 77' lang='lat' dir='ltr'><em>degit</em></span> <span class='ocrx_word' id='word_1_351' title='bbox 1443 3626 1563 3664; x_wconf 85' lang='lat' dir='ltr'>needs</span> <span class='ocrx_word' id='word_1_352' title='bbox 1583 3633 1623 3663; x_wconf 90' lang='lat' dir='ltr'>to</span> <span class='ocrx_word' id='word_1_353' title='bbox 1642 3627 1692 3664; x_wconf 92' lang='lat' dir='ltr'>be</span> <span class='ocrx_word' id='word_1_354' title='bbox 1711 3625 1906 3675; x_wconf 88' lang='lat' dir='ltr'>supplied.</span> 
     </span>
    </p>
   </div>
   <div class='ocr_carea' id='block_1_5' title="bbox 472 3720 1026 3762">
    <p class='ocr_par' dir='ltr' id='par_1_5' title="bbox 472 3720 1026 3762">
     <span class='ocr_line' id='line_1_39' title="bbox 472 3720 1026 3762; baseline 0.006 -3"><span class='ocrx_word' id='word_1_355' title='bbox 472 3720 487 3744; x_wconf 85' lang='lat'>³</span> <span class='ocrx_word' id='word_1_356' title='bbox 516 3724 606 3760; x_wconf 82' lang='lat' dir='ltr'>Szc:</span> <span class='ocrx_word' id='word_1_357' title='bbox 635 3723 694 3760; x_wconf 88' lang='lat' dir='ltr'>for</span> <span class='ocrx_word' id='word_1_358' title='bbox 720 3725 1026 3762; x_wconf 76' lang='lat' dir='ltr'>contrectacioni.</span> 
     </span>
    </p>
   </div>
   <div class='ocr_carea' id='block_1_6' title="bbox 469 3772 1822 3862">
    <p class='ocr_par' dir='ltr' id='par_1_6' title="bbox 469 3772 1822 3862">
     <span class='ocr_line' id='line_1_40' title="bbox 469 3772 1822 3862; baseline 0.009 -54"><span class='ocrx_word' id='word_1_359' title='bbox 469 3772 488 3844; x_wconf 57' lang='grc' dir='ltr'>ἒ</span> <span class='ocrx_word' id='word_1_360' title='bbox 511 3773 701 3862; x_wconf 40' lang='lat' dir='ltr'>effigians</span> <span class='ocrx_word' id='word_1_361' title='bbox 731 3774 924 3811; x_wconf 78' lang='lat' dir='ltr'>tenebrits</span> <span class='ocrx_word' id='word_1_362' title='bbox 954 3776 1126 3826; x_wconf 90' lang='lat' dir='ltr'>possibly</span> <span class='ocrx_word' id='word_1_363' title='bbox 1153 3779 1340 3826; x_wconf 75' lang='lat' dir='ltr'>captando</span> <span class='ocrx_word' id='word_1_364' title='bbox 1367 3779 1540 3818; x_wconf 81' lang='lat' dir='ltr'>tenebras</span> <span class='ocrx_word' id='word_1_365' title='bbox 1569 3791 1647 3819; x_wconf 79' lang='lat' dir='ltr'>was</span> <span class='ocrx_word' id='word_1_366' title='bbox 1675 3784 1822 3820; x_wconf 82' lang='lat' dir='ltr'>meant</span> 
     </span>
    </p>
   </div>
  </div>
 </body>
</html>
