2488 4296
248 405 361 463 133
701 384 1189 447 ALNWICK’S
1273 385 1838 447 VISITATIONS

375 546 592 592 Domina
618 546 855 592 Katerina
882 545 1067 604 Hoghe
1092 545 1215 591 dicit
1237 546 1374 607 quod
1398 546 1615 608 quedam
1650 546 1891 593 moniales
1914 549 2028 592 sunt
2050 546 2291 608 quodam-

246 609 419 655 modol
474 609 863 668 sompnolenteS‚
920 609 1063 654 tarde
1117 609 1368 655 veniendo
1421 609 1487 655 ad
1542 611 1810 656 matutinas
1863 612 1914 656 et
1967 610 2089 655 alias
2144 609 2293 656 horas

245 686 524 718 canonicas.

375 748 502 794 Item
539 747 661 794 dicit
697 746 834 807 quod
872 747 1051 792 domus
1086 745 1405 802 indebitatur‚
1432 750 1482 793 et
1505 747 1604 794 hoc
1627 751 1835 808 propter
1857 761 2063 807 magnas
2096 762 2291 808 repara-

244 813 415 920 cilonebs
437 810 882 882 factas-interiores
906 812 955 856 et
979 810 1252 856 exteriores
1277 813 1326 855 et
1350 811 1508 856 eciam
1531 814 1739 871 propter
1766 812 2060 871 parcitatem
2094 826 2294 858 annone

245 889 278 933 p
301 890 373 920 ur1
414 889 470 920 us
500 889 656 920 annis.

376 947 593 993 Domina
619 946 779 992 Elena
802 946 983 992 Cotum
1009 946 1131 992 dicit
1154 946 1292 1008 quod
1315 947 1484 992 omnia
1506 946 1653 992 bene.

373 1022 591 1068 Domina
613 1022 772 1068 Alicia
798 1022 1002 1067 Portere
1027 1021 1149 1067 dicit
1173 1022 1311 1083 quod
1334 1022 1571 1081 priorissa
1594 1024 1669 1068 est
1691 1023 1947 1082 acceptrix
1971 1037 2294 1083 personarum

242 1087 292 1132 in
316 1086 721 1132 correccionibus
744 1084 1003 1140 faciendiS‚
1029 1100 1143 1130 nam
1169 1100 1292 1146 quas
1316 1085 1478 1144 diligit
1501 1085 1677 1131 leuiter
1701 1086 1969 1144 pertransit
1986 1089 2035 1132 et
2053 1100 2176 1147 quas
2195 1100 2295 1133 non

243 1149 396 1194 habet
418 1153 652 1208 acceptas
675 1148 837 1207 rigide
860 1149 1002 1207 punit
1023 1165 1034 1205 ;
1068 1152 1117 1194 et
1142 1149 1265 1194 dicit
1288 1148 1426 1210 quod
1449 1149 1686 1207 priorissa
1709 1149 2018 1208 improperat
2040 1149 2296 1195 sororibus

242 1213 356 1267 suis,
383 1212 558 1257 dicens
593 1212 744 1273 quod,
771 1211 936 1273 siquid
961 1211 1160 1257 dixerit²
1183 1212 1438 1271 episcopo,
1463 1211 1588 1257 tales
1612 1212 1683 1257 eis
1706 1213 1932 1271 imponet
1965 1227 2122 1271 penas
2157 1211 2296 1274 quod

243 1275 307 1321 de
331 1275 465 1320 sacili
489 1289 590 1320 non
615 1275 943 1320 sustinebunt.
1005 1275 1171 1334 Negat
1194 1275 1468 1321 secundam
1490 1277 1686 1334 partem
1709 1275 1903 1321 articuli
1927 1292 1936 1322 :
1962 1278 2111 1334 negat
2135 1277 2293 1322 eciam

245 1340 457 1398 primam
480 1341 676 1398 partem
698 1338 909 1384 articuli.

372 1415 498 1460 Item
523 1414 646 1461 dicit
669 1414 805 1476 quod
829 1415 1066 1473 priorissa
1089 1428 1190 1459 non
1210 1413 1415 1460 exhibet
1439 1416 1623 1460 statum
1647 1413 1827 1459 domus
1850 1414 1901 1459 in
1925 1414 2179 1460 communi
2199 1432 2208 1471 ;
2245 1417 2295 1461 et

241 1478 364 1524 dicit
387 1477 523 1539 quod
547 1477 704 1524 fouet³
725 1479 1000 1524 seruientes
1023 1492 1136 1522 suas
1161 1477 1424 1534 seculares,
1450 1478 1631 1539 quibus
1656 1477 1767 1537 plus
1790 1492 1941 1538 quam
1964 1478 2221 1524 sororibus
2242 1479 2294 1524 in

238 1542 468 1587 dicendis
491 1541 666 1597 credit,
687 1540 752 1587 ad
776 1540 1251 1600 reprehendendum
1274 1541 1408 1600 ipsas
1433 1555 1631 1587 sorores
1656 1555 1783 1597 suas,
1808 1543 1859 1587 et
1882 1555 1972 1600 per
1996 1541 2096 1588 hoc
2119 1542 2293 1588 suscit-

243 1608 389 1651 antur
413 1605 752 1651 dissensiones
775 1603 905 1650 suas⁴
928 1605 1056 1650 inter
1080 1604 1241 1664 ipsam
1265 1607 1315 1650 et
1338 1618 1537 1650 sorores
1560 1619 1689 1649 suas.

370 1678 497 1724 Item
537 1677 660 1724 dicit
697 1677 835 1740 quod
874 1678 1112 1738 priorissa
1151 1678 1424 1736 prosternit
1462 1691 1662 1736 grossas
1699 1677 1906 1723 arbores
1945 1679 2085 1723 extra
2124 1692 2294 1724 casum

239 1742 563 1788 necessitatis
635 1741 715 1787 Ad
752 1741 847 1787 hec
887 1741 1010 1787 dicit
1048 1740 1186 1802 quod
1223 1740 1382 1786 nullas
1419 1741 1667 1800 prosterni
1691 1740 1813 1787 fecit
1836 1741 1931 1786 nisi
1954 1741 2019 1787 ab
2043 1741 2293 1798 euidente,

241 1809 352 1860 etc.‚
377 1805 588 1852 vtilitate
611 1808 662 1851 et
686 1805 751 1851 de
775 1819 1014 1864 expresso
1037 1818 1287 1851 consensu
1311 1807 1603 1850 conuentus.

369 1882 497 1927 Item
542 1881 665 1927 dicit
710 1881 847 1942 quod
892 1895 1090 1927 sorores
1137 1879 1297 1926 Elena
1354 1880 1491 1940 Bryg
1544 1883 1594 1927 et
1648 1879 1818 1939 Agnes
1876 1879 2050 1927 Bokke
2105 1880 2295 1927 habent

239 1945 555 2007 frequentem
578 1959 836 1991 accessum
869 1944 934 1990 ad
971 1943 1284 1990 Lincolniam
1322 1946 1371 1990 et
1398 1943 1597 1990 ibidem
1633 1958 1799 1990 moras
1834 1943 2024 1990 faciunt
2061 1944 2292 1991 diutinas.

243 2009 443 2068 Negant
467 2022 724 2054 accessum
748 2011 799 2054 vt
822 2008 1124 2054 articulatur.

371 2082 588 2128 Domina
610 2081 779 2140 Agnes
805 2081 978 2127 Bokke
1003 2081 1126 2127 dicit
1149 2080 1287 2143 quod
1313 2081 1481 2126 omnia
1506 2081 1651 2127 bene.

369 2146 586 2192 Domina
612 2145 772 2191 Elena
797 2145 933 2205 Bryg
955 2145 1080 2190 dicit
1102 2144 1239 2206 quod
1264 2145 1432 2190 omnia
1456 2144 1598 2191 bene.

369 2209 587 2254 Domina
613 2209 850 2254 Katerina
875 2209 1035 2254 Benet
1059 2208 1181 2254 dicit
1206 2207 1343 2268 quod
1367 2208 1534 2253 omnia
1558 2208 1701 2254 bene.

370 2273 587 2318 Domina
610 2272 914 2318 Constancia
938 2271 1194 2317 Burnham
1219 2271 1342 2317 dicit
1365 2271 1502 2332 quod
1525 2272 1694 2317 omnia
1719 2271 1863 2317 bene.

369 2336 586 2382 Domina
608 2335 836 2397 Johanna
859 2334 1142 2381 Asshetone
1166 2334 1289 2380 dicit
1311 2334 1447 2396 quod
1471 2335 1640 2380 omnia
1662 2335 1807 2381 bene.

368 2410 584 2456 Domina
608 2408 777 2468 Agnes
801 2408 979 2454 Sutton
1003 2406 1282 2469 dicitquod
1300 2407 1447 2452 amici
1466 2407 1540 2452 sui
1560 2410 1905 2454 conuenerunt
1921 2422 2035 2453 cum
2055 2408 2292 2467 priorissa

239 2477 288 2519 et
305 2476 555 2519 conuentu
571 2476 662 2532 pro
679 2472 746 2532 xij
767 2472 948 2518 marcis
965 2471 1031 2517 ad
1049 2471 1208 2531 ipsam
1228 2470 1570 2530 recipiendam
1589 2471 1639 2516 in
1658 2471 1940 2525 monialem,
1958 2474 2008 2517 et
2023 2474 2291 2533 antequam

236 2537 594 2583 admittebatur
635 2535 770 2581 dicta
810 2535 1023 2595 pecunia
1062 2538 1168 2581 erat
1204 2534 1394 2590 soluta3
1428 2538 1479 2580 et
1513 2534 1636 2580 dicit
1669 2533 1806 2596 quod
1843 2534 1976 2580 nulla
2011 2534 2291 2580 admittitur

237 2601 526 2661 priusquam
566 2599 786 2645 soluatur
826 2598 962 2660 quod
1002 2601 1306 2644 conuentum
1347 2600 1423 2643 est
1461 2612 1554 2657 pro
1593 2598 1715 2657 ipsis
1755 2597 2070 2657 recipiendis.
2156 2598 2292 2644 Dicit

237 2663 373 2725 quod
398 2663 552 2709 nichil
576 2663 789 2722 exigitur
812 2663 907 2707 nisi
931 2661 1068 2723 quod
1091 2662 1245 2720 gratis
1269 2664 1344 2706 est
1367 2660 1606 2707 oblatum.
1695 2661 1806 2706 Fiat
1840 2661 2118 2707 iniunctum
2152 2661 2290 2723 quod

236 2741 338 2772 non
363 2726 599 2773 decetero
622 2726 864 2785 exigatur⁵
888 2725 980 2770 nisi
1002 2740 1031 2770 a
1053 2724 1338 2771 volentibus
1360 2725 1628 2786 quicquam
1652 2725 1806 2783 gratis
1829 2724 1964 2771 dare.

367 2800 584 2845 Domina
611 2798 848 2844 Katerina
874 2798 1200 2858 Pakyngtone
1224 2796 1348 2843 dicit
1371 2797 1508 2858 quod
1531 2797 1700 2843 omnia
1722 2797 1866 2843 bene.

365 2863 583 2908 Domina
608 2862 822 2908 Isabella
849 2861 1052 2921 Pudsey
1076 2861 1199 2907 dicit
1222 2860 1359 2921 quod
1383 2861 1552 2906 omnia
1575 2860 1720 2906 bene.

364 2927 546 2973 Sorora
589 2925 749 2971 Alicia
796 2925 966 2984 Leget,
1012 2938 1154 2970 soror
1197 2924 1325 2970 laica
1369 2938 1626 2978 conuersa,
1674 2923 1798 2970 dicit
1844 2923 1982 2985 quod
2019 2922 2290 2970 infirmaria

236 2993 510 3049 occupatur
553 3004 643 3048 per
688 2989 937 3035 seculares
981 2987 1047 3034 ad
1092 3000 1325 3047 magnam
1380 2987 1779 3049 inquietudinem
1834 3001 2074 3034 sororum.
2178 2987 2289 3034 Fiat

238 3054 503 3100 iniunccio.

365 3117 491 3162 Item
514 3116 640 3176 petit
663 3115 800 3177 quod
824 3115 988 3161 hostia
1012 3115 1212 3161 claustri
1237 3113 1421 3160 debitis
1445 3113 1583 3160 horis
1605 3113 1901 3160 claudantur
1920 3116 1969 3160 et
1987 3114 2286 3174 aperiantur,

233 3181 349 3242 quia
373 3180 519 3225 nimis
543 3193 655 3226 sero
679 3181 812 3224 stant
836 3182 1022 3238 aperta.
1094 3178 1204 3224 Fiat
1226 3178 1495 3223 iniunccio.

364 3244 491 3290 Item
516 3242 638 3288 dicit
661 3242 798 3303 quod
833 3242 1065 3288 mulieres
1102 3241 1351 3288 seculares
1387 3241 1662 3287 seruientes
1699 3241 1864 3286 iacent
1899 3241 1950 3285 in
1993 3239 2288 3287 dormitorio

235 3308 363 3353 inter
408 3320 618 3362 sorores,
660 3309 710 3351 et
748 3306 1012 3364 presertim
1051 3320 1148 3350 vna
1186 3319 1284 3366 que
1321 3305 1520 3350 emebat
1559 3303 1848 3350 corrodium
1887 3303 2090 3351 ibidem.
2178 3304 2289 3350 Fiat

238 3370 501 3416 iniunccio.

368 3434 494 3479 Item
532 3432 654 3478 dicit
690 3431 827 3493 quod
865 3432 1106 3478 moniales
1142 3433 1380 3477 exercent
1415 3431 1709 3490 potaciones
1743 3430 1988 3477 serotinas
2011 3431 2062 3475 in
2085 3430 2135 3490 ly
2156 3433 2285 3490 gest-

232 3496 505 3542 chaumbre
529 3497 688 3542 eciam
712 3497 826 3554 post
848 3495 1245 3554 completorium,
1271 3495 1530 3554 potissime
1553 3509 1667 3540 cum
1703 3508 1874 3539 earum
1909 3494 2056 3539 amici
2095 3493 2161 3539 ad
2202 3509 2286 3540 eas

335 3618 347 3641 ¹
374 3619 475 3655 solne
494 3619 572 3656 and
590 3624 727 3668 setemp
745 3617 961 3655 cancelled.

335 3670 352 3693 ²
380 3669 464 3706 Sic:
495 3669 555 3706 for
580 3668 764 3707 dixerint.

334 3720 353 3794 ἶ
378 3720 625 3808 ΞςῃῐΕΥΙίηεάτ
653 3724 838 3757 sustentat
863 3719 1077 3757 cancelled.

330 3822 346 3846 ⁵
372 3785 490 3860 Sgiie
511 3821 650 3868 words,
672 3820 908 3871 apparently
925 3823 1090 3870 aliquem
1109 3827 1145 3858 et
1162 3821 1316 3868 leuibus,
1336 3819 1548 3858 cancelled.

2481 1700 2488 1714 <ι
2480 1602 2488 1678 uiar—
2479 1484 2488 1584 nnn-—
2475 1262 2488 1464 sax-*Ln-J—ao
