2488 4296
365 426 477 485 142
814 402 1309 468 ALNWICK‘s
1395 407 1962 469 v1s1TAT10Ns

363 568 446 613 die
487 567 814 620 Parasceues;
852 568 901 611 et
941 565 1063 611 dicit
1102 566 1239 627 quod
1278 567 1519 626 pincerna
1558 570 1634 613 est
1673 581 1772 614 non
1817 568 1978 614 solum
2022 567 2272 614 secundus
2317 567 2406 615 sed

401 632 552 676 rimus
575 631 745 675 abbaS.

364 645 397 690 p
491 692 714 754 (Abbasz
749 691 970 752 fatetur.)
1040 692 1167 738 Item
1204 692 1326 738 dicit
1361 693 1498 754 quod
1530 693 1687 739 abbas
1722 708 1822 739 non
1845 693 2073 751 intendit,
2099 709 2192 740 nec
2227 696 2303 740 est
2335 694 2405 740 ibi

351 757 512 816 prior,
538 756 769 815 supprior
793 755 871 800 vel
893 755 1016 800 alius
1051 755 1319 815 deputatus
1352 757 1432 802 cui
1469 757 1623 802 ceteri
1662 757 1928 803 obedirent
1966 758 2017 802 in
2053 757 2324 816 religione3
2357 761 2408 804 et

362 819 498 865 ide01
522 819 857 879 vnusquisque
882 818 1101 864 declinat
1124 819 1400 864 secundum
1424 819 1729 865 desiderium
1754 834 1911 865 suum.

495 882 612 943 [Fo.
637 881 776 942 69d.]
850 881 1111 940 (Fatetur.)
1196 882 1323 927 Item
1358 882 1481 928 dicit
1515 882 1651 943 quod
1674 883 1780 928 istis
1803 883 1962 928 tribus
1985 883 2128 929 annis
2151 898 2252 930 non
2275 884 2406 943 lege-

363 947 543 992 bantur
579 945 756 991 decem
802 945 929 989 tituli
970 944 1034 990 de
1073 945 1243 1003 regula
1282 960 1370 990 sua
1407 946 1459 991 in
1498 945 1731 1004 capitulo,
1773 960 1834 992 eo
1873 946 2011 1007 quod
2050 947 2269 1006 capitula
2308 961 2407 993 non

361 1012 593 1055 tenentur
617 1009 753 1054 omni
778 1007 874 1063 die,
901 1007 1028 1053 sicut
1051 1007 1327 1054 secundum
1350 1009 1571 1067 regulam
1597 1008 1841 1054 deberent
1863 1010 2036 1055 teneri.

492 1071 636 1117 Item²
659 1071 781 1117 dicit
805 1071 942 1132 quod
966 1085 1067 1116 non
1090 1071 1338 1117 habentur
1361 1071 1664 1118 collaciones
1686 1073 1737 1117 in
1762 1072 1981 1131 capitulo
1999 1075 2115 1132 post
2132 1087 2309 1119 cenam
2326 1074 2411 1120 vix

361 1136 516 1182 semel
540 1136 590 1180 in
615 1134 863 1180 decennio
887 1135 937 1179 in
962 1133 1166 1180 defectu
1187 1135 1399 1180 abbatis.

489 1198 683 1243 ³Frater
706 1197 990 1243 Willelmus
1012 1197 1252 1258 Anderby
1276 1197 1399 1243 dicit
1422 1197 1559 1259 quod
1582 1198 1739 1244 abbas
1762 1213 1863 1245 non
1888 1198 2108 1245 celebrat
2131 1200 2306 1245 missas
2327 1201 2411 1246 vix

362 1261 517 1308 semel
550 1263 599 1307 in
635 1261 902 1322 quindena,
944 1263 994 1306 et
1033 1263 1273 1322 quantum
1312 1261 1377 1306 ad
1416 1262 1831 1308 obseruacionem
1871 1262 2125 1321 religionis
2164 1265 2215 1309 et
2253 1263 2410 1309 diuini

360 1325 558 1371 seruicii
593 1324 938 1370 concordatin
965 1324 1199 1370 omnibus
1232 1339 1346 1370 cum
1383 1325 1697 1385 Fresshnay;
1734 1340 1828 1372 nec
1868 1325 1991 1372 dicit
2030 1326 2297 1371 matutinas
2330 1327 2410 1373 vel

363 1389 513 1434 horas
535 1388 586 1433 in
610 1388 768 1434 choro
792 1402 885 1433 nec
908 1387 1122 1433 ecclesia
1145 1387 1236 1433 sed
1258 1389 1341 1433 vix
1363 1388 1814 1448 circumuagando;
1841 1403 1934 1435 nee
1952 1389 2033 1434 vix
2052 1389 2192 1435 audit
2208 1390 2409 1436 missam

362 1453 498 1498 omni
523 1451 618 1497 die.

489 1516 617 1561 Item
641 1529 755 1561 cum
779 1514 1171 1560 ebdomodarius
1194 1529 1291 1560 vna
1315 1515 1594 1574 septimana
1616 1517 1845 1561 teneatur
1868 1516 2097 1575 proxima
2131 1516 2410 1575 septimana

359 1579 586 1640 quotidie
609 1579 864 1624 celebrare
889 1579 1097 1626 missam
1125 1578 1190 1624 de
1224 1579 1448 1639 requiem
1482 1581 1532 1624 et
1566 1578 1735 1624 dicere
1770 1579 1982 1638 placebo
2019 1594 2132 1625 cum
2167 1579 2327 1639 dirige
2360 1582 2411 1626 et
2458 1580 2459 1583 ’

360 1642 821 1697 commendacione,
847 1641 970 1687 dicit
992 1642 1087 1687 iste
1110 1641 1248 1703 quod
1270 1642 1524 1702 Johannes
1547 1642 1807 1702 Gedeney4
1830 1657 1931 1688 non
1955 1641 2151 1702 perficit
2168 1642 2267 1689 hoc
2284 1657 2411 1689 onus

361 1706 411 1751 in
452 1721 599 1752 cursu
637 1719 759 1762 suo;
796 1720 910 1750 narn
951 1706 1000 1750 in
1041 1705 1325 1750 huiusmodi
1366 1720 1513 1751 cursu
1550 1706 1633 1750 vix
1672 1705 1892 1752 celebrat
1932 1705 2087 1752 semel
2125 1706 2206 1752 vel
2243 1706 2321 1752 bis
2358 1707 2411 1752 in

359 1770 639 1829 septimana
660 1784 762 1814 sua.
832 1769 1050 1814 Fatetur.
1118 1768 1264 1814 Vnde
1298 1769 1574 1814 iniunctum
1609 1769 1701 1815 est⁵
1733 1769 1871 1830 quod
1911 1768 2148 1815 decetero
2183 1768 2412 1829 perficiat

361 1833 460 1879 hoc
483 1847 621 1886 onus,
648 1833 741 1877 nisi
765 1832 1001 1890 subsistat
1024 1846 1173 1878 causa
1206 1832 1429 1891 legitima
1461 1833 1740 1892 approbata
1776 1847 1867 1892 per
1901 1832 2151 1890 abbatem,
2187 1835 2238 1879 et
2270 1832 2410 1895 quod

361 1896 496 1942 dicat
519 1896 783 1958 quinquies
806 1895 1019 1954 placebo
1044 1899 1094 1941 et
1117 1895 1290 1955 dirige.

490 1960 618 2005 Item
652 1959 775 2005 dicit
807 1958 945 2020 quod
984 1959 1150 2004 obitus
1189 1973 1281 2018 pro
1321 1957 1587 2005 fundatore
1627 1962 1677 2005 et
1714 1959 1824 2005 aliis
1863 1959 2271 2006 benefactoribus
2309 1974 2410 2006 non

359 2023 689 2069 obseruantur
713 2023 763 2067 in
787 2021 992 2068 defectu
1014 2023 1224 2068 abbatis.
1295 2023 1461 2081 Negat
1482 2039 1492 2068 ε
1526 2022 1711 2068 fatetur
1734 2023 1766 2083 ij
1793 2024 1936 2069 annis
1960 2024 2198 2069 omissum
2216 2023 2408 2069 obitum

360 2086 654 2132 fundatoris.
725 2086 911 2131 Iurauit
944 2086 1092 2145 igitur
1115 2085 1252 2147 quod
1287 2085 1524 2132 decetero
1561 2086 1855 2132 obser-uetur
1890 2089 1940 2133 et
1975 2101 2068 2146 pro
2099 2085 2194 2132 hac
2226 2086 2409 2146 necgli-

361 2151 538 2209 gencia
562 2150 697 2195 dicat
730 2150 916 2208 septies
949 2149 1161 2208 placebo
1201 2152 1251 2195 et
1290 2149 1450 2209 dirige
1489 2164 1582 2208 pro
1620 2149 1888 2196 fundatore
1927 2153 1978 2196 et
2015 2150 2280 2212 quinquies
2317 2164 2411 2210 pro

359 2212 643 2259 abbatibus⁶
663 2213 791 2258 vltra
813 2213 1039 2258 debitum
1062 2213 1186 2258 citra
1209 2212 1640 2272 Assumpcionem.
2453 2211 2457 2216 ’

494 2277 620 2322 Item
639 2276 762 2323 dicit
781 2276 844 2322 de
862 2276 1099 2322 absencia
1121 2276 1362 2337 Johannis
1380 2276 1624 2336 Gedeney
1641 2292 1671 2322 a
1689 2276 1942 2322 matutinis
1959 2277 2011 2322 in
2029 2276 2412 2338 quadragesima

360 2343 413 2386 vt
436 2355 598 2399 supra,
625 2343 674 2386 et
697 2341 780 2386 vix
802 2340 938 2385 venit
962 2339 1038 2385 bis
1061 2340 1127 2385 ad
1161 2339 1429 2385 matutinas
1462 2340 1513 2384 in
1552 2340 1860 2399 septimana3
1893 2343 1945 2386 et
1984 2340 2024 2385 si
2064 2341 2175 2402 quis
2210 2341 2276 2386 de
2312 2340 2411 2387 hoc

357 2404 539 2450 dixerit
561 2404 745 2456 abbati,
761 2403 918 2449 abbas
936 2404 1144 2462 preterit
1162 2403 1255 2448 sub
1278 2402 1485 2448 silencio
1501 2417 1603 2464 quo
1620 2403 1685 2449 ad
1703 2403 1961 2464 Gedeney,
1979 2403 2070 2450 sed
2088 2404 2405 2465 querelantes

360 2468 629 2526 redarguit.
698 2467 941 2526 Gedeney
966 2469 1114 2526 negat
1138 2469 1188 2512 et
1211 2467 1364 2512 habet
1387 2467 1654 2512 terminum
1677 2469 1794 2512 ante
1829 2482 2081 2513 recessum
2117 2467 2307 2514 domini
2340 2466 2408 2513 ad

360 2531 676 2590 purgandum
700 2545 754 2576 se
778 2545 892 2576 cum
916 2529 1113 2576 duobus
1137 2531 1392 2576 canonicis
1417 2529 1753 2576 confratribus
1777 2530 1889 2576 suis.

490 2595 617 2640 Item
641 2594 763 2640 dicit
787 2593 851 2639 de
875 2596 1114 2652 compoto
1148 2608 1249 2639 non
1284 2593 1485 2639 reddito
1519 2608 1609 2652 per
1642 2594 1878 2640 abbatem
1916 2596 1969 2640 vt
2005 2608 2167 2653 supra,
2202 2597 2253 2640 et
2287 2594 2411 2640 dicit

360 2657 497 2719 quod
520 2658 803 2703 inconsulto
826 2659 877 2703 et
909 2658 1068 2702 inscio
1105 2660 1357 2703 conuentu
1397 2657 1586 2702 dimisit
1625 2658 1901 2703 manerium
1941 2657 2023 2703 de⁷
2060 2657 2407 2718 Thyrnescho,

360 2721 496 2782 quod
519 2722 779 2767 consueuit
803 2720 987 2766 dimitti
1011 2734 1105 2780 pro
1127 2735 1158 2765 v
1181 2722 1362 2766 marcis
1385 2722 1614 2779 tempore
1647 2721 1900 2779 ingressus
1923 2722 1999 2766 sui
2023 2722 2074 2766 in
2098 2721 2408 2780 religionem,

362 2788 411 2831 et
455 2786 554 2830 iam
599 2784 728 2830 infra
773 2784 1030 2830 biennium
1071 2783 1414 2829 dimittebatur
1457 2785 1605 2830 Petro
1644 2784 1850 2840 Thorte‚
1891 2783 2026 2830 affini
2066 2785 2275 2840 abbatis,
2316 2798 2410 2844 pro

361 2849 529 2908 xxxvj⁸
552 2845 684 2907 viijd;
723 2850 772 2893 et
805 2849 900 2893 iam
938 2847 1127 2892 dimisit
1159 2851 1226 2892 ad
1259 2846 1453 2892 firmam
1476 2847 1542 2892 ad
1565 2848 1665 2907 xxij
1692 2862 1851 2893 annos
1889 2847 2103 2909 Johanni
2140 2848 2283 2894 Dene
2316 2862 2409 2907 pro

361 2917 443 2956 xx⁸
467 2926 556 2970 per
579 2926 776 2966 annum,
804 2911 868 2956 de
893 2926 991 2972 qua
1014 2909 1156 2956 firma
1178 2911 1370 2970 recepit
1392 2924 1481 2970 pre
1505 2911 1734 2956 manibus
1756 2925 1790 2956 x
1805 2911 1870 2965 li.‚
1889 2911 1981 2957 sed
2005 2911 2127 2972 quid
2149 2914 2316 2957 actum
2334 2913 2410 2957 est

360 2974 424 3020 de
447 2976 661 3033 pecunia
684 2978 888 3033 recepta
912 2974 1072 3020 nescit
1095 2973 1384 3033 deponere:
1421 2977 1470 3020 et
1504 2975 1603 3019 iam
1637 2974 1731 3020 iste
1766 2989 1899 3020 nunc
1936 2974 2182 3026 firmarius
2221 2974 2410 3020 dimisit

461 3086 474 3110 ¹
502 3100 619 3138 vsque
637 3088 854 3126 cancelled.
2311 3058 2408 3063 —

459 3136 477 3160 ²
502 3141 566 3177 dcc
584 3139 797 3176 cancelled.

460 3187 475 3212 ³
505 3190 699 3239 Marginal
721 3197 812 3228 note
830 3203 883 3228 no
903 3191 1040 3240 longer
1059 3189 1217 3239 legible.

462 3240 478 3312 Ξ
500 3241 784 3330 Ξῖἶὲιῗῖἓιῗὲᾱ.

461 3342 476 3366 ⁸
503 3343 589 3380 The
629 3343 718 3382 MS.
756 3343 826 3380 has
863 3343 1006 3392 simply
1040 3343 1147 3381 abb':
1178 3342 1353 3392 possibly
1389 3341 1455 3380 the
1490 3341 1672 3391 registrar
1707 3341 1898 3380 intended
1933 3346 1976 3378 to
2012 3341 2121 3380 write
2156 3342 2251 3380 aliis
2285 3342 2325 3380 in
2358 3355 2409 3380 an

357 3395 610 3432 abbreviated
630 3394 743 3440 form,
764 3394 842 3431 and
862 3395 1102 3444 negligently
1123 3401 1243 3432 wrote
1261 3394 1342 3431 abb’
1361 3393 1514 3431 instead
1534 3392 1583 3430 of
1593 3392 1662 3430 al’.

459 3444 476 3469 ⁷
510 3446 677 3494 Welesby
695 3446 913 3483 cancelled.

459 3515 472 3539 ¹
500 3516 563 3555 Cf.
585 3517 651 3554 the
681 3516 896 3566 complaint
916 3517 1086 3565 brought
1105 3517 1145 3553 in
1170 3515 1264 3564 1363
1283 3515 1435 3566 against
1456 3516 1523 3553 the
1543 3516 1707 3564 chantry
1728 3514 1868 3563 priests
1886 3515 1931 3552 of
1959 3515 2016 3554 St.
2040 3514 2200 3564 Mary’s‚
2220 3514 2406 3565 Notting·

356 3569 447 3606 ham
465 3580 473 3603 :
505 3570 514 3586 ‘
532 3580 703 3605 seorsum
724 3568 764 3604 in
782 3568 956 3610 cameris,
975 3568 1125 3616 campis
1144 3574 1183 3605 et
1202 3567 1298 3605 locis
1316 3567 1405 3605 aliis
1425 3567 1552 3604 minus
1570 3566 1754 3615 congruis
1772 3573 2002 3615 euagantur,
2022 3572 2061 3604 et
2081 3566 2178 3604 inibi
2197 3566 2408 3605 matutinas

355 3625 393 3657 et
412 3619 507 3656 alias
525 3619 641 3656 horas
660 3618 867 3656 canonicas
885 3619 1033 3667 absque
1053 3618 1270 3656 devocione
1284 3618 1419 3656 debita
1438 3618 1585 3661 dicunt,
1596 3617 1818 3668 quinimmo
1837 3618 2046 3666 cincopant
2065 3624 2104 3655 et
2124 3624 2393 3656 transcurrunt

356 3678 407 3712 et,
427 3676 468 3707 vt
486 3670 746 3707 verisimiliter
764 3669 870 3707 credi
889 3675 1031 3718 potest,
1053 3682 1141 3707 cum
1156 3669 1365 3707 sufficienti
1380 3669 1606 3706 testimonio
1625 3675 1783 3706 careant
1801 3668 1842 3706 in
1859 3669 1934 3707 hac
1953 3676 2075 3718 parte,
2095 3668 2257 3718 quidam
2272 3681 2406 3707 eorum

356 3722 471 3759 horas
491 3733 646 3770 prorsus
664 3719 886 3758 transiliunt
907 3727 943 3757 et
963 3720 1149 3758 omittunt
1165 3720 1174 3737 ’
1197 3720 1326 3765 (York
1346 3732 1425 3770 reg.
1451 3720 1671 3769 Thoresby‚
1694 3719 1719 3757 f.
1744 3718 1894 3768 254d.).

457 3773 475 3796 2
501 3774 569 3809 I.e.
594 3772 660 3810 the
680 3772 798 3820 priest
818 3772 1060 3820 responsible
1078 3772 1136 3808 for
1156 3772 1223 3809 the
1241 3771 1409 3810 services
1426 3771 1468 3808 of
1485 3771 1551 3809 the
1570 3771 1692 3809 week.
1747 3771 1801 3807 At
1833 3770 2032 3809 Hereford
2066 3770 2132 3808 the
2162 3770 2247 3809 title
2275 3770 2308 3809 is
2325 3770 2406 3810 still

354 3823 470 3873 given
490 3830 530 3861 to
549 3823 616 3860 the
634 3822 739 3864 vicar
756 3822 891 3860 choral
911 3823 1000 3860 who
1019 3822 1051 3860 is
1069 3835 1121 3860 on
1139 3822 1235 3871 duty
1253 3822 1293 3860 in
1311 3822 1421 3872 quire
1443 3821 1586 3872 during
1604 3822 1672 3859 the
1692 3821 1817 3860 week.
