2488 4296
268 427 340 485 79
725 406 1210 467 ALNWICK'S
1293 405 1857 465 VISITATIONS

257 569 588 616 reuerendum
628 570 822 627 patrem
861 566 1067 624 recepto
1106 565 1156 610 et
1195 563 1260 609 de
1299 563 1405 609 eius
1443 563 1682 610 mandato
1721 563 1772 609 in
1811 563 2012 623 publica
2046 565 2310 613 audiencia

257 634 493 694 perlecto,
519 630 949 691 preconizatisque
974 628 1110 673 dicto
1134 627 1317 672 abbate
1340 629 1390 672 et
1424 627 1680 672 canonicis
1713 627 2140 689 personaliterque
2174 644 2307 676 corn-

258 697 560 756 parentibus‚
581 694 716 739 idem
734 693 890 737 abbas
909 692 1086 736 iurauit
1106 690 1397 736 canonicam
1421 689 1771 735 obedienciam
1795 691 1846 735 in
1868 690 2030 736 forma
2053 696 2306 740 consueta.

261 761 327 805 Et
350 758 534 804 deinde
557 757 692 803 idem
715 754 1021 801 reuerendus
1051 756 1193 812 pater
1226 752 1292 798 ad
1325 752 1707 813 inquisicionem
1741 768 1880 798 suam
1914 757 2307 813 preparatoriam

259 825 309 869 in
332 823 440 881 ipsa
463 836 550 866 sua
573 820 866 865 visitacione
890 818 1148 876 processit.
1215 816 1385 862 Tenor
1409 829 1528 861 vero
1553 815 1675 861 dicti
1699 815 2034 878 certificatorij
2060 818 2173 864 talis
2196 822 2270 866 est
2295 837 2305 867 ε

259 890 269 908 ‘
290 883 587 931 Reuerendo
612 884 662 928 in
688 881 888 928 Christo
912 880 1041 939 patri
1058 879 1084 936 ’,
1110 882 1203 926 etc.

392 949 564 994 Frater
597 945 784 991 Alanus
821 944 1083 997 Batesone‚
1119 943 1289 997 abbas,
1325 941 1595 996 adiuratu8‚
1619 943 1931 988 examinatus
1965 946 2014 990 et
2046 945 2309 1006 inquisitus

260 1014 381 1059 dicit
405 1010 540 1073 quod
564 1009 717 1054 frater
743 1006 1038 1066 Radulphus
1057 1005 1286 1052 Carnelle
1311 1008 1509 1051 notatur
1533 1020 1647 1050 cum
1671 1004 1772 1051 filia
1794 1005 1991 1052 Thome
2012 1007 2222 1069 Robyne
2241 1009 2306 1056 de

260 1075 533 1122 Stodeham
570 1086 718 1131 super
754 1070 1139 1124 incontinencia,
1177 1083 1291 1114 cum
1327 1068 1444 1130 qual
1483 1068 1690 1114 muliere
1729 1072 1905 1128 captus
1939 1070 2034 1116 fuit
2072 1075 2306 1131 suspecto

258 1139 445 1194 modo;
483 1139 531 1182 et
556 1135 679 1180 dicit
701 1133 838 1195 quod
862 1133 998 1179 idem
1035 1131 1330 1191 Radulphus
1363 1134 1439 1177 est
1473 1132 1740 1177 subuersor
1773 1133 1934 1178 tocius
1968 1133 2222 1192 religionis
2255 1138 2307 1182 et

257 1203 389 1248 bone
429 1199 831 1247 conuersacionis
867 1197 918 1242 in
955 1196 1271 1242 monasterio.
1337 1195 1474 1255 xxiiij
1502 1195 1585 1240 die
1610 1195 1730 1255 Maij
1769 1197 1820 1241 in
1857 1196 2012 1243 domo
2048 1198 2308 1257 capitulari

257 1279 426 1312 coram
446 1262 651 1309 domino
670 1260 950 1319 comparuit
967 1260 1041 1304 vir
1060 1262 1122 1315 et,
1143 1258 1345 1304 obiecto
1363 1258 1526 1317 primo
1544 1258 1767 1316 articulo,
1787 1259 1968 1319 allegat
1991 1274 2045 1306 se
2069 1275 2309 1321 purgasse

256 1344 310 1375 se
334 1341 504 1375 coram
526 1325 710 1371 abbate
735 1341 744 1379 ;
781 1323 919 1384 quod
942 1322 1099 1368 abbas
1122 1322 1306 1368 fatetur
1329 1324 1379 1367 et
1402 1322 1527 1367 citra
1550 1324 1714 1380 negat.

384 1390 527 1436 Idem
549 1388 703 1434 frater
730 1386 1024 1446 Radulphus
1047 1388 1123 1431 est
1146 1384 1443 1431 inobediens
1466 1385 1636 1430 abbati
1659 1386 1711 1430 in
1743 1385 1992 1432 mandatis
2025 1387 2126 1433 suis
2159 1387 2308 1435 licitis

255 1457 306 1501 et
328 1454 448 1500 facit
471 1451 878 1511 conspiraciones
902 1464 1015 1495 cum
1038 1449 1301 1494 iuuenibus
1324 1449 1580 1494 canonicis
1603 1451 1778 1495 contra
1800 1449 2036 1496 abbatem
2060 1453 2110 1496 et
2131 1454 2308 1498 contra

255 1517 499 1577 regularia
522 1515 758 1561 instituta.

385 1580 527 1626 Idem
563 1578 716 1623 frater
753 1576 1047 1636 Radulphus
1081 1575 1251 1621 educit
1274 1576 1478 1621 iuuenes
1503 1575 1773 1621 canonicos
1798 1575 1863 1622 de
1887 1578 2036 1623 nocte
2059 1591 2088 1623 a
2110 1591 2306 1624 monas·

253 1646 381 1691 terio
415 1643 480 1689 ad
515 1641 941 1688 commesaciones
976 1642 1025 1686 et
1071 1639 1362 1698 potaciones
1397 1640 1447 1684 in
1481 1638 1598 1684 villa
1630 1653 1745 1685 cum
1780 1639 2070 1686 mulieribus
2115 1643 2164 1686 et
2197 1641 2306 1687 aliis

254 1707 595 1762 secularibus;
632 1707 682 1750 et
714 1707 766 1750 vt
799 1704 1011 1749 liberum
1046 1703 1203 1761 possit
1238 1702 1425 1748 habere
1460 1703 1648 1748 exitum
1682 1702 1869 1762 frangit
1892 1704 2034 1760 ostia,
2059 1703 2306 1752 fenestras

255 1775 305 1818 et
328 1771 448 1817 alias
471 1770 723 1815 clausuras
747 1768 938 1826 ligneas
962 1767 1266 1826 monasterij.
1808 1764 1834 1772 ''

386 1835 513 1879 Item
537 1833 578 1878 si
603 1831 724 1893 quid
746 1832 904 1877 abbas
928 1830 1111 1876 dixerit
1133 1829 1212 1875 vel
1235 1829 1503 1875 iniunxerit
1538 1828 1675 1875 dicto
1702 1829 1970 1889 Radulpho
1993 1845 2086 1890 pro
2110 1831 2307 1878 delictis

255 1899 370 1954 suis,
396 1897 563 1942 statim
587 1895 867 1954 prorumpit
890 1895 940 1939 in
963 1893 1117 1938 verba
1140 1893 1455 1949 contumelie,
1482 1907 1724 1952 spernens
1747 1908 1861 1940 eum
1886 1896 1936 1940 et
1957 1894 2273 1954 vilipendens
2294 1913 2304 1953 ς

257 1963 307 2007 et
330 1960 538 2006 multum
562 1958 888 2004 intolerabilis
912 1959 987 2002 est
1009 1957 1060 2002 in
1084 1956 1253 2002 domo.

386 2025 513 2069 Item
547 2036 660 2068 cum
694 2021 830 2067 idem
853 2020 1010 2067 abbas
1033 2021 1197 2079 ipsum
1223 2019 1544 2079 Radulphum
1559 2020 1834 2078 ‚occasione
1857 2020 2063 2067 infamie
2085 2022 2307 2068 criminis

255 2087 497 2134 antedicti
536 2085 725 2132 carceri
765 2084 1086 2142 manciparat,
1133 2082 1268 2129 idem
1311 2083 1607 2142 Radulphus
1645 2098 1735 2142 per
1774 2085 1941 2130 media
1978 2099 2067 2130 sua
2110 2084 2307 2131 induxit

255 2151 475 2209 scolares
510 2149 835 2203 Oxonienses,
861 2148 945 2209 qui
979 2149 1174 2192 tantum
1206 2147 1439 2193 timorem
1473 2147 1568 2205 ipsi
1601 2146 1772 2193 abbati
1806 2148 2135 2208 imponebant
2167 2148 2306 2210 quod

255 2215 435 2260 timore
459 2212 638 2258 ductus
661 2213 825 2271 ipsum
851 2210 1171 2269 Radulphum
1195 2225 1225 2256 a
1247 2224 1448 2256 carcere
1471 2210 1685 2256 liberare
1709 2214 1912 2257 coactus
1936 2214 2024 2258 est.

385 2276 527 2322 Idem
553 2275 847 2334 Radulphus
871 2274 1041 2320 iniecit
1064 2288 1238 2319 manus
1260 2273 1505 2319 violentas
1538 2274 1587 2318 in
1611 2288 1731 2319 casu
1753 2289 1782 2320 a
1805 2275 1911 2321 iure
1935 2289 2037 2320 non
2060 2275 2305 2334 permisso

254 2342 305 2387 in
328 2340 533 2386 fratrem
555 2339 835 2400 Johannem
863 2337 1153 2392 Hakburne‚
1179 2337 1398 2396 priorem
1421 2336 1519 2383 loci
1542 2337 1685 2393 illius»,
1710 2340 1850 2384 tanta
1870 2338 2118 2384 violencia
2140 2339 2305 2398 ipsum

255 2419 404 2463 super
436 2417 585 2448 vnam
618 2402 810 2448 aurium
843 2415 1043 2447 suarum
1076 2401 1370 2460 percuciens
1403 2400 1541 2462 quod
1570 2401 1755 2447 deinde
1778 2403 1829 2447 in
1853 2401 1962 2462 ipsa
1983 2416 2103 2448 aure
2125 2403 2306 2449 surdus

256 2467 465 2514 effectus
489 2469 577 2512 est.

383 2531 557 2576 Frater
592 2528 847 2574 Walterus
887 2526 1195 2573 Dorchestre
1232 2526 1356 2573 dicit
1393 2527 1457 2573 de
1493 2526 1698 2573 infamia
1732 2528 1954 2574 criminis
1987 2543 2078 2589 per
2113 2530 2304 2577 dictum

255 2593 574 2653 Radulphum
599 2607 712 2638 cum
737 2591 872 2637 dicta
895 2591 1102 2636 muliere
1127 2594 1179 2636 vt
1203 2590 1385 2636 dicitur
1409 2591 1674 2639 commissi.
2141 2624 2145 2628 .

382 2657 523 2703 Idem
545 2655 840 2714 Radulphus
858 2655 1066 2700 vestitus
1090 2657 1166 2700 est
1190 2653 1487 2700 multociens
1512 2653 1750 2713 deploide
1774 2654 2085 2702 defensionis
2108 2659 2158 2703 et
2176 2657 2304 2716 gerit

252 2723 443 2767 secrete
467 2719 559 2765 sub
583 2719 757 2764 habitu
778 2733 881 2764 -suo
915 2718 1095 2777 longos
1127 2717 1368 2774 cultellos,‚
1393 2720 1601 2777 propter
1632 2733 1730 2780 que
1763 2720 1993 2766 canonici
2026 2721 2206 2766 timent
2239 2720 2304 2767 de

257 2782 476 2846 [mor]te
499 2782 578 2828 vel
602 2782 941 2828 membrorum
965 2781 1302 2827 mutilacione.

383 2844 653 2908 [Quibus]²
690 2846 762 2890 sic
801 2845 1050 2906 inquisitis
1089 2858 1148 2890 ac
1193 2844 1378 2890 abbate
1423 2847 1472 2891 et
1518 2847 1771 2891 conuentu
1814 2848 2118 2904 conuocatis,
2165 2847 2303 2893 idem

251 2908 573 2956 reuerendus⁸
596 2909 905 2954 continuauit
921 2908 1266 2953 visitacionem
1290 2922 1429 2953 suam
1454 2907 1740 2954 huiusmodi
1759 2923 1914 2970 vsque
1937 2910 1988 2955 in
2007 2910 2142 2956 diem
2163 2910 2303 2957 Lune

250 2976 369 3019 tunc
392 2973 619 3032 proxime
642 2972 875 3028 futurum,
907 2970 1098 3032 [xxiiij]
1127 2971 1362 3017 videlicet
1386 2971 1520 3017 diem
1545 2971 1667 3017 dicti
1692 2974 1877 3018 mensis
1902 2973 2021 3034 Maij
2047 2974 2099 3019 in
2123 2973 2302 3020 eadem

250 3037 403 3082 domo
446 3035 721 3095 capitulari,
769 3038 882 3091 etc.‚
927 3035 1243 3094 presentibus
1288 3035 1526 3094 magistro
1580 3035 1809 3096 Johanne
1856 3036 2073 3097 Depyng
2116 3040 2166 3083 et
2220 3051 2302 3084 me

250 3100 502 3146 Colstone.
607 3098 811 3144 Interim
867 3097 1004 3144 vero⁴
1047 3098 1283 3156 magister
1331 3097 1585 3159 Johannes
1642 3098 1858 3159 Depyng
1918 3097 1994 3160 [et
2047 3099 2302 3161 Johannes

252 3161 525 3223 Beverle]y
547 3162 613 3208 ad
646 3162 1029 3223 inquisicionem
1053 3164 1334 3207 ceterorum
1357 3164 1722 3220 processerunt.

383 3224 610 3286 [Frater]
657 3262 666 3271 .
693 3261 703 3270 .
731 3262 740 3270 .
766 3240 858 3270 nus
905 3225 1141 3284 Pirytone
1186 3224 1309 3270 dicit
1352 3224 1491 3285 quod
1535 3223 1726 3270 dudum
1771 3224 2005 3271 dominus
2047 3226 2303 3287 Johannes

251 3289 507 3349 Draytone
531 3289 673 3334 miles
697 3287 838 3333 dedit
862 3287 1147 3333 monasterio
1171 3290 1309 3334 certa
1331 3290 1489 3334 terras
1514 3290 1563 3334 et
1585 3290 1873 3334 tenementa
1896 3289 1946 3334 in
1985 3289 2226 3336 Bridcote
2248 3293 2302 3337 vt

2205 3372 2293 3379 ——a

350 3399 363 3423 ²
390 3398 618 3448 Originally
637 3400 794 3436 written
814 3401 983 3449 quadam
1001 3415 1012 3438 .·
1039 3399 1130 3437 dam
1150 3398 1370 3437 cancelled.

348 3449 365 3473 ²
392 3451 426 3487 A
445 3451 554 3499 large
572 3451 682 3498 piece
702 3450 772 3487 has
792 3451 890 3488 been
910 3461 998 3488 torn
1019 3450 1075 3487 off
1101 3450 1200 3487 from
1219 3450 1287 3488 the
1307 3449 1506 3488 left-hand
1525 3450 1611 3488 side
1629 3450 1673 3488 of
1696 3449 1762 3488 the
1781 3450 1871 3491 leaf.

350 3500 365 3525 ³
393 3503 456 3539 Sic
473 3515 485 3539 .·
516 3508 627 3545 pater
644 3501 824 3538 omitted.

347 3552 363 3575 ⁴²
392 3552 613 3589 interlined
633 3553 758 3589 above
777 3554 820 3589 in
838 3566 913 3602 quo
931 3554 1098 3591 termino
1117 3552 1335 3590 cancelled.

348 3622 361 3646 ¹
388 3621 446 3660 Or
474 3621 703 3660 Charnelle.
759 3621 940 3670 Possibly
967 3622 1154 3659 identical
1183 3622 1276 3659 with
1308 3622 1439 3671 Ralph
1467 3621 1673 3666 Calethra,
1693 3622 1783 3660 who
1800 3624 2001 3673 appeared
2019 3631 2060 3662 at
2078 3625 2146 3664 the
2165 3625 2305 3663 earlier

244 3673 463 3710 visitation.
535 3672 624 3710 The
651 3685 765 3709 name
793 3672 1007 3710 Charnelle
1030 3674 1089 3721 (de
1111 3673 1332 3720 Carnaria)
1352 3673 1384 3710 is
1403 3682 1473 3710 not
1501 3685 1598 3722 very
1615 3686 1813 3711 common.
1887 3674 2014 3723 Hugh
2043 3675 2235 3714 Charnell
2262 3675 2306 3714 of

246 3724 473 3761 Worcester
493 3723 627 3771 (Hugo
642 3725 687 3760 de
711 3724 911 3761 Carnaria
939 3724 1137 3772 Wygorn’)
1164 3737 1331 3773 appears
1359 3737 1401 3761 as
1428 3724 1530 3761 dean
1559 3724 1600 3760 of
1626 3723 2072 3777 Westbury-on-Trym‚
2092 3728 2299 3773 Glouces.‚

247 3775 287 3812 in
311 3784 402 3820 1291
427 3774 618 3823 (Worces.
641 3774 742 3823 Reg.
764 3774 932 3818 Giffard‚
955 3775 979 3811 f.
1001 3775 1148 3822 328d.)‚
1168 3775 1245 3812 and
1273 3775 1377 3818 John
1399 3774 1594 3813 Charnels
1612 3787 1655 3812 or
1674 3773 1873 3814 Charnele
1900 3789 1980 3815 was
2007 3791 2029 3814 a
2057 3779 2235 3816 member
2261 3778 2304 3816 of

248 3825 315 3862 the
343 3824 565 3862 housebold
592 3825 634 3861 of
659 3824 812 3873 Henry‚
832 3825 938 3863 duke
964 3825 1006 3862 of
1033 3825 1259 3870 Lancaster,
1287 3825 1364 3862 and
1392 3833 1521 3863 rector
1547 3826 1588 3863 of
1616 3825 1797 3872 preston,
1819 3826 1979 3876 Lancs„
2000 3829 2079 3867 and
2105 3841 2232 3868 canon
2259 3830 2302 3868 of

247 3875 354 3914 York
374 3875 453 3913 and
473 3874 668 3914 Lichfield
688 3876 726 3913 in
750 3875 847 3921 1366
869 3875 1081 3927 (Lambeth
1106 3876 1204 3926 Reg.
1226 3876 1446 3927 Langham,
1466 3876 1490 3915 f.
1516 3877 1593 3928 35).
