2488 4296
278 401 395 454 216
726 398 1214 457 ALNWICK’S
1296 399 1863 458 VISITATIONS

409 556 535 602 Item
574 556 876 615 iniungimus
908 556 1052 603 vobis
1084 557 1255 603 abbati
1289 557 1382 602 sub
1415 571 1545 617 pena
1577 559 1742 618 grauis
1765 561 2082 619 contemptus
2104 563 2156 606 vt
2179 562 2314 608 iuxta

275 619 666 665 constituciones
709 619 910 666 ordinis1
955 621 1241 681 capellanos
1285 623 1477 666 vestros
1523 623 1659 667 omni
1705 637 1836 669 anno
1870 624 2084 680 mutetis,
2108 627 2160 670 vt
2192 629 2313 686 quot

275 683 548 729 habueritis
603 683 902 742 capellanOS,
959 687 1034 730 tot
1088 687 1252 730 vestre
1307 684 1517 730 honeste
1572 687 1975 732 conuersacionis
2029 689 2313 735 testimonia

278 747 505 792 habeatis
535 764 544 802 ;
601 746 838 808 quodque
875 748 925 792 in
963 749 1325 793 exoneracione
1348 750 1398 793 et
1422 750 1774 807 surrogacione
1808 748 2159 796 officiariorum
2183 767 2313 798 mon-

276 810 439 855 asterii
473 810 746 869 capitulum
777 812 1067 857 conuocetis
1103 814 1152 856 et
1189 811 1252 857 de
1298 811 1498 856 maioris
1533 818 1583 858 et
1618 813 1828 858 sanioris
1850 815 2004 873 partis
2038 818 2313 861 conuentus

276 887 524 919 consensu
580 874 927 919 exonerandos
982 876 1265 920 exoneretis
1319 877 1368 920 et
1423 876 1759 934 surrogandos
1814 879 2097 936 surrogetiS,
2160 879 2312 925 nichil

275 937 484 982 arduum
521 937 756 983 faciendo
793 952 886 984 nec
922 939 1080 983 eciam
1115 937 1282 984 firmas
1304 938 1520 984 locando
1545 939 1637 984 nisi
1661 939 1725 985 de
1749 943 1961 986 tractatu
1994 944 2044 987 et
2067 956 2314 988 consensu

277 1014 515 1060 expresso
538 1004 816 1046 conuentus
850 1001 1090 1047 eiusdem.

405 1085 531 1130 Item
572 1085 873 1144 iniungimus
912 1086 1055 1132 vobis
1090 1086 1261 1131 abbati
1298 1086 1389 1131 sub
1425 1100 1554 1146 pena
1590 1087 1817 1146 predicta
1851 1091 1902 1134 vt
1938 1088 2122 1148 pluries
2150 1090 2311 1147 solito,

274 1147 392 1193 licet
417 1147 640 1193 diuinum
681 1162 781 1193 non
818 1150 1132 1210 exequamini
1169 1149 1400 1205 officium,
1425 1151 1679 1195 matutinis
1701 1166 1758 1196 ac
1781 1152 1999 1211 capitulis
2021 1152 2314 1199 celebrandis

270 1212 418 1270 sepius
442 1212 713 1268 intersitis;
772 1213 1221 1274 delinquentesque
1257 1216 1466 1272 paterno
1503 1228 1642 1259 more
1678 1218 1727 1260 et
1763 1214 1982 1261 fraterna
2017 1217 2238 1273 caritate,
2263 1220 2312 1263 et

274 1289 374 1320 non
399 1275 622 1334 rigorose
647 1291 740 1322 nec
763 1291 877 1322 cum
894 1277 1060 1322 verbis
1084 1277 1362 1336 opprobrii²
1377 1279 1461 1323 aut
1483 1278 1787 1324 contumelie
1809 1294 1887 1325 seu
1911 1279 2197 1339 improperii,
2223 1279 2312 1325 sed

274 1342 543 1392 mansuete,
570 1340 638 1384 ita
671 1340 807 1400 quod
841 1341 1111 1398 auctoritas
1144 1355 1245 1386 non
1278 1341 1497 1396 vilescat,
1531 1343 1792 1400 corrigatis
1815 1343 1950 1388 iuxta
1987 1356 2310 1402 personarum

273 1404 322 1447 et
340 1402 636 1448 delictorum
655 1404 943 1465 qualitatem
963 1407 1012 1449 et
1029 1405 1357 1466 quantitatem
1377 1407 1425 1450 et
1442 1405 1631 1466 absque
1649 1419 1974 1465 personarum
1991 1407 2308 1466 accepcione,

269 1465 601 1526 fratribusque
646 1468 822 1513 vestris
865 1468 1052 1512 vultum
1098 1468 1372 1514 ostendatis
1416 1468 1727 1527 placabilem,
1765 1483 1865 1515 non
1901 1472 2190 1515 extraneum
2225 1474 2310 1516 aut

271 1529 644 1588 dedignantem,
683 1534 732 1576 et
771 1531 876 1576 sitis
913 1531 984 1577 eis
1019 1530 1248 1587 affabilis,
1289 1532 1421 1576 mitis
1460 1535 1508 1578 et
1549 1533 1792 1591 benignus
1831 1536 1978 1592 prout
2017 1533 2193 1591 decet;
2229 1549 2311 1579 nec

270 1593 492 1652 cuiquam
533 1594 770 1640 occasione
808 1594 1075 1640 delatorum
1121 1595 1171 1640 in
1217 1594 1307 1640 hac
1351 1598 1512 1642 nostra
1557 1596 1826 1655 visitacione
1869 1597 2179 1656 quouismodo
2222 1597 2306 1642 im-

264 1659 523 1717 properare
546 1673 603 1702 ac
625 1658 829 1703 duriora
852 1659 1088 1704 ostendere
1104 1659 1421 1718 presumati3.⁸

399 1740 524 1785 Item
569 1755 683 1786 cum
730 1741 793 1787 de
837 1741 1200 1787 consuetudine
1244 1743 1448 1804 antiqua
1493 1743 1779 1788 monasterii
1819 1745 1868 1790 et
1906 1743 2161 1790 laudabili⁴
2196 1744 2307 1790 sub-

269 1802 530 1858 cellarius,5
563 1805 645 1864 qui
682 1808 731 1850 et
766 1806 1082 1864 coquinarius
1119 1805 1313 1861 dicitur,
1351 1807 1519 1852 omnia
1553 1806 1821 1852 commoda
1855 1808 2210 1867 proueniencia
2243 1808 2308 1854 de

268 1867 480 1912 ecclesia
503 1869 660 1914 sancti
687 1869 889 1914 Martini
913 1869 1180 1928 Leycestrz‘e⁶
1195 1869 1260 1914 ad
1278 1870 1540 1916 vtilitatem
1563 1869 1714 1916 officii
1737 1871 1811 1916 sui
1835 1871 2308 1932 perceperet,⁵quod

266 1931 433 1990 vtique
456 1931 555 1976 iam
579 1946 678 1977 non
702 1935 926 1978 seruatur
948 1934 998 1978 in
1023 1946 1256 1991 magnum
1280 1934 1434 1992 ipsius
1467 1933 1616 1980 officii
1651 1934 1984 1994 dispendium,
2008 1935 2308 1994 iniungimus

267 1997 316 2038 et
353 1995 647 2040 mandamus
683 1996 930 2055 quatinus⁷
952 1996 1291 2042 subcellarius⁵
1313 1998 1418 2043 siue
1451 1997 1820 2057 conquinarius⁸
1841 1999 2108 2044 commoda
2142 2000 2305 2044 huius-

267 2057 418 2114 modi,
435 2073 548 2104 cum
567 2059 630 2104 de
648 2060 720 2105 eis
738 2059 1023 2105 redditurus
1041 2059 1121 2105 sit3
1142 2061 1408 2116 racionem,
1428 2062 1620 2120 integre
1638 2063 1898 2121 percipere
1916 2063 2239 2121 permittatur.

395 2141 522 2188 Item
545 2142 680 2202 quod
703 2141 1067 2188 infirmantibus
1089 2143 1140 2188 in
1163 2141 1432 2189 infirmaria
1449 2144 1507 2189 de
1529 2144 1654 2190 cibis
1676 2145 1739 2190 eis
1762 2145 2154 2204 congruentibus?
2169 2149 2220 2192 vt
2243 2159 2305 2192 eo

265 2204 419 2250 cicius
457 2207 809 2252 conualescant
844 2209 895 2252 et
930 2209 1229 2262 recreentur,
1266 2207 1402 2253 iuxta
1435 2207 1777 2254 infirmitatum
1813 2223 2010 2254 suarum
2046 2210 2305 2268 qualitates

265 2270 537 2325 seruiatur;
574 2270 948 2330 habeanturque
983 2272 1034 2316 in
1069 2269 1338 2316 infirmaria
1375 2271 1723 2317 communibus
1760 2273 1993 2332 expensis
2028 2273 2219 2330 domus,
2254 2275 2302 2319 et

266 2345 378 2376 cum
414 2334 680 2379 multitudo
716 2333 1079 2380 infirmancium
1104 2334 1204 2380 hoc
1227 2338 1479 2394 exposcat,
1503 2350 1628 2381 Vnus
1650 2335 1879 2381 vallettus
1901 2339 1951 2382 et
1973 2351 2097 2382 Vnus
2120 2338 2302 2396 garcio,

263 2396 344 2454 qui
369 2398 490 2455 ipsis
513 2397 720 2444 infirmis
743 2399 792 2443 in
818 2399 918 2443 suis
941 2398 1320 2444 necessitatibus
1342 2398 1605 2444 intendant
1627 2402 1677 2445 et
1700 2399 1998 2445 deseruiant.

393 2480 549 2526 Vobis
572 2481 775 2540 insuper
797 2481 983 2537 abbati,
1003 2482 1337 2541 vniuersisque
1360 2484 1410 2527 et
1432 2482 1637 2541 singulis
1653 2482 1864 2542 personis
1886 2482 2001 2528 dicti
2022 2481 2308 2528 conuentus¹⁰

265 2544 581 2603 presentibus
625 2547 675 2590 et
718 2544 895 2590 futuris
940 2545 1032 2590 sub
1076 2545 1219 2604 penis
1263 2545 1612 2605 suprascriptis
1660 2544 1868 2591 firmiter
1904 2547 2213 2607 »iniungimus
2256 2549 2307 2592 et

266 2608 572 2662 mandamus,
619 2622 806 2668 vosque
855 2608 1207 2654 nichilominus
1262 2623 1522 2655 monemus
1566 2610 1742 2668 primo,
1790 2609 2012 2656 secundo
2057 2612 2106 2655 et
2148 2611 2305 2656 tercio

264 2672 600 2731 peremptorie
637 2672 729 2717 sub
768 2687 898 2731 pena
937 2673 1475 2718 excommunicacionis
1510 2673 1725 2729 maioris,
1763 2687 1909 2732 quam
1945 2674 1995 2718 in
2032 2673 2306 2732 singulares

263 2749 502 2794 personas
525 2738 714 2781 vestras
748 2736 1004 2795 premissa,
1029 2739 1271 2796 quatenus
1306 2737 1372 2782 ad
1406 2751 1806 2796 vnumquemque
1840 2739 2059 2783 vestrum
2098 2737 2307 2794 attinet,⁶

263 2812 363 2844 non
389 2799 698 2844 seruancium
723 2802 807 2844 aut
830 2814 930 2845 non
955 2800 1307 2846 obediencium
1331 2800 1522 2846 eisdem
1544 2801 1849 2846 intendimus
1871 2799 2147 2857 fulminare,
2171 2803 2224 2847 vt
2247 2815 2305 2847 ea

263 2863 430 2908 omnia
474 2866 523 2908 et
568 2863 761 2921 singula
809 2866 953 2922 prout
996 2867 1142 2924 supra
1186 2863 1494 2910 εενίὸιιηίιινῑι
1538 2864 1891 2910 inuiolabiliter
1934 2864 2212 2911 obseruetis
2255 2868 2305 2910 et

261 2925 509 2972 obediatis
528 2925 731 2982 eisdem,
748 2930 896 2986 prout
914 2927 1136 2973 diuinam
1154 2930 1203 2973 et
1220 2929 1513 2973 canonicam
1532 2926 1752 2986 effugere
1769 2927 2024 2974 volueritis
2041 2928 2303 2984 vlcionem,

261 2989 577 3049 presentibus
631 2989 808 3036 litteris
862 2991 1044 3036 nostris
1088 2992 1139 3036 in
1184 2991 1349 3051 aliquo
1392 2991 1506 3037 loco
1550 2992 1740 3050 patenti
1785 2991 1913 3037 infra
1958 2990 2303 3038 dormitorium

260 3055 491 3106 vestrum,
516 3055 569 3098 vt
592 3053 797 3100 cuilibet
819 3056 1023 3113 pateant
1045 3055 1225 3100 intueri
1249 3055 1449 3109 volenti,
1474 3054 1633 3101 affixis
1657 3058 1707 3101 et
1730 3054 1961 3101 dimissis.
2047 3055 2177 3101 Data
2209 3055 2302 3100 sub

362 3164 375 3188 ²
405 3165 621 3203 Interlined
639 3166 765 3204 above
783 3172 929 3204 vestras
948 3167 1161 3205 cancelled.

361 3214 377 3238 2
402 3221 438 3253 et
454 3217 667 3255 cancelled.

361 3267 377 3290 ³
405 3267 602 3306 Italicised
621 3281 785 3318 passage
801 3269 932 3307 added
950 3269 990 3307 in
1009 3270 1174 3319 margin.

361 3318 378 3342 ⁴¹
401 3331 439 3356 ce
456 3320 669 3358 cancelled.

360 3370 376 3394 ⁶
403 3370 486 3408 Sic.

359 3421 376 3444 ⁶
404 3421 618 3460 Interlined
637 3422 762 3462 above
776 3426 1054 3474 proueniencia
1070 3424 1282 3463 cancelled.

359 3472 375 3498 7
400 3474 513 3511 celler
529 3475 744 3512 cancelled.

358 3524 375 3548 ⁸
401 3526 525 3562 reddit
541 3526 755 3564 cancelled.

358 3575 374 3599 ⁹
402 3577 618 3614 Interlined
636 3577 761 3616 above
779 3577 1049 3616 subtilioribus
1065 3578 1279 3617 cancelled.

343 3625 373 3649 ¹⁰
401 3627 618 3666 Interlined
635 3629 760 3667 above
778 3629 849 3667 sub
866 3629 1079 3668 cancelled.

341 3676 371 3700 ¹¹
398 3679 543 3717 Added
562 3679 603 3717 in
623 3681 786 3728 margin.

358 3767 370 3790 ¹
400 3769 608 3816 Founded,
634 3771 691 3808 for
713 3771 779 3808 the
798 3770 880 3809 first
901 3778 999 3820 part,
1021 3783 1072 3808 on
1094 3771 1312 3821 Whytley's
1330 3771 1416 3810 fifth
1436 3771 1629 3808 detectum.
1684 3771 1761 3809 For
1780 3770 1846 3807 the
1864 3769 2008 3808 second
2028 3775 2127 3819 part,
2149 3781 2214 3807 see
2230 3769 2297 3810 the

255 3818 338 3861 first
357 3820 402 3857 of
416 3821 483 3861 the
502 3821 610 3861 three
628 3828 815 3871 comperta
839 3823 1005 3876 relating
1021 3828 1061 3860 to
1082 3823 1148 3860 the
1167 3823 1302 3868 abbot,
1325 3823 1402 3864 and
1422 3822 1472 3863 cf.
1495 3821 1718 3876 Belgrave's
1735 3821 1864 3862 fourth
1882 3820 2075 3862 detectum.
