2488 4296
255 390 366 428 III
703 372 1194 430 ALNWICK'S
1277 373 1841 432 VISITATIONS

377 527 679 586 (Magister.)
750 528 876 573 Item
913 527 1039 573 dicit.
1071 528 1208 590 quod
1240 543 1333 575 non
1358 531 1569 575 seruitur
1593 530 1741 575 sociis
1766 530 1830 576 de
1853 529 2042 575 salariis
2066 530 2166 575 suis
2199 545 2292 590 pro

250 591 414 635 missis
437 604 527 649 per
550 591 686 649 ipsos
710 591 845 635 iuxta
870 593 1054 637 statuta
1077 591 1323 638 faciendis
1346 593 1396 638 in
1423 592 1625 639 defectu
1648 594 1885 652 magistri.

381 665 496 726 [Fo.
522 664 610 726 93]
651 665 952 727 (Magister.)
1020 667 1266 712 Dominus
1311 667 1564 729 Johannes
1623 668 1922 714 Puttenham
1979 668 2101 714 dicit
2155 669 2293 730 quod

249 729 514 787 collegium
553 730 771 787 grauiter
809 732 1043 775 oneratur
1082 744 1166 776 ere
1203 731 1369 777 alieno
1405 732 1455 776 in
1501 730 1704 778 defectu
1747 731 1983 790 magistri,
2030 733 2147 792 quia
2190 746 2291 778 non

247 795 444 838 constat
469 792 618 837 sociis
643 792 707 838 de
731 794 947 851 receptis
972 807 1065 839 nec
1094 794 1159 840 de
1183 793 1357 839 solutis
1379 811 1388 851 3
1425 796 1541 856 quia
1565 795 1801 854 magister
1834 796 1942 854 ipse
1966 796 2100 841 solus
2124 796 2293 842 omnia

246 855 366 901 facit
389 855 578 916 absque
603 857 954 901 communione
977 857 1240 903 sociorum.

373 917 672 979 (Magister.)
759 919 885 964 Item
926 919 1049 965 dicit
1087 920 1225 980 quod
1265 921 1500 979 magister
1536 935 1638 966 non
1684 924 1760 967 est
1804 922 2197 980 circumspectus
2241 922 2292 967 in

247 981 512 1040 dirigendo
545 981 847 1027 iconomiam
881 982 947 1028 ad
979 983 1241 1029 vtilitatem
1287 983 1498 1043 collegii,
1534 985 1650 1045 quia
1684 984 1852 1030 omnia
1885 984 2209 1030 retrocedunt
2242 987 2292 1031 et

246 1045 460 1091 tendunt
483 1045 622 1106 quasi
646 1045 712 1090 ad
736 1060 836 1090 non
862 1060 986 1092 esse.

371 1108 670 1168 (Magister.)
740 1109 867 1154 Item
904 1109 1026 1155 dicit
1063 1109 1127 1155 de
1164 1111 1420 1156 excessiua
1458 1111 1695 1156 comitiua
1729 1111 1951 1170 magistri
1985 1111 2036 1156 in
2061 1110 2292 1156 exeundo

243 1186 336 1231 pro
381 1172 604 1231 negociis
649 1174 700 1217 vt
740 1187 923 1231 supra3
976 1175 1026 1219 et
1066 1173 1188 1219 dicit
1227 1173 1375 1232 plane
1415 1174 1551 1235 quod
1593 1175 1687 1219 nisi
1728 1174 1907 1220 domus
1953 1177 2195 1220 statuatur
2239 1175 2292 1220 in

244 1235 436 1281 meliori
461 1236 703 1294 regimine
725 1236 828 1281 cito
851 1239 960 1282 ruet
983 1237 1048 1282 ad
1073 1251 1174 1282 non
1197 1251 1320 1283 esse.

371 1297 606 1357 (Clerici.)
676 1299 803 1344 Item
837 1299 960 1346 dicit
994 1300 1131 1361 quod
1165 1300 1333 1346 clerici
1366 1299 1537 1346 valetti
1572 1302 1621 1347 et
1655 1301 1814 1347 eciam
1837 1300 2068 1360 generosi
2090 1302 2292 1346 vtuntur

240 1361 414 1407 habitu
436 1362 502 1407 ad
526 1361 732 1408 modum
755 1362 995 1409 laicorum
1020 1365 1070 1408 in
1095 1363 1386 1409 scandalum
1410 1364 1600 1409 ordinis
1624 1363 1867 1410 clericalis
1896 1366 1945 1409 et
1967 1363 2179 1422 collegii.

372 1425 673 1486 (Magister.)
742 1426 869 1471 Item
914 1427 1036 1472 dicit
1091 1427 1229 1488 quod
1273 1426 1486 1472 debetur
1546 1422 1641 1472 sibi
1699 1427 1764 1474 de
1821 1427 2000 1473 salario
2057 1441 2147 1473 suo
2198 1441 2290 1486 pro

241 1502 339 1533 vno
362 1503 495 1534 anno
520 1492 569 1534 et
591 1489 606 1549 j
633 1490 884 1550 quarterio
907 1494 955 1535 et
980 1504 1071 1549 pro
1095 1491 1273 1536 missis.

367 1552 665 1611 (Magister.)
725 1553 853 1599 Item
877 1553 1000 1599 dicit
1015 1553 1225 1599 'causam
1249 1569 1402 1615 quare
1426 1568 1527 1600 non
1551 1554 1776 1600 reddidit
1800 1557 2091 1613 compotum
2116 1553 2181 1600 de
2204 1553 2291 1600 illo

240 1630 374 1661 anno
409 1630 509 1677 quo
546 1617 682 1662 stetit
737 1617 1039 1662 senescallus
1094 1631 1184 1676 per
1221 1618 1511 1676 magistrum
1547 1619 1828 1680 requisitus,
1874 1616 2109 1663 videlicet
2151 1617 2291 1678 quod

241 1679 490 1725 debentur
534 1679 628 1724 sibi
674 1694 763 1738 per
809 1683 921 1725 tunc
964 1682 1277 1739 prouisorem
1318 1682 1516 1727 circiter
1561 1696 1665 1738 c.s.,
1713 1684 1762 1727 et
1815 1682 1925 1740 ipse
1971 1680 2125 1726 debet
2179 1680 2290 1726 aliis

238 1743 573 1788 creditoribus
599 1743 869 1789 notabilem
902 1758 1160 1800 summam,
1197 1748 1246 1790 et
1280 1759 1393 1790 cum
1427 1745 1535 1804 ipse
1570 1746 1799 1804 prouisor
1833 1745 1897 1790 sit
1930 1758 2121 1804 pauper
2155 1747 2204 1790 et
2236 1744 2289 1789 in

235 1820 334 1851 non
403 1806 661 1863 soluendo,
731 1808 875 1853 timet
940 1807 1078 1869 quod
1149 1822 1242 1867 pro
1298 1808 1611 1855 resolucione
1666 1808 1899 1854 facienda
1953 1807 2288 1853 creditoribus

237 1870 573 1928 assignaretur
597 1885 789 1915 summa
823 1870 995 1916 debita
1029 1885 1119 1930 per
1152 1872 1479 1930 prouisorem‚
1505 1887 1602 1934 que
1626 1875 1701 1918 est
1723 1871 1989 1918 illeuabilis
2022 1871 2290 1917 occasione

237 1934 547 1992 paupertatis
572 1948 672 1979 sue.

365 1996 694 2056 Superuideat
734 1996 966 2043 dominus
1005 2012 1150 2044 orrea
1188 2001 1238 2044 et
1276 1998 1397 2044 alias
1442 1998 1621 2045 domos
1664 1999 1884 2058 grangie‚
1931 2012 2029 2059 que
2073 1997 2289 2044 maxima

236 2059 465 2119 indigent
488 2061 826 2119 reparacione.

364 2123 664 2185 (Magister.)
733 2125 978 2171 Dominus
1006 2125 1255 2172 Henricus
1279 2125 1522 2172 Stonham
1541 2125 1664 2172 dicit
1682 2125 1746 2171 de
1764 2125 2028 2184 stipendiis
2052 2127 2102 2170 et
2125 2124 2288 2170 missis

235 2201 336 2233 non
375 2187 549 2233 solutis
588 2191 640 2233 vt
678 2203 840 2247 supra,
879 2191 929 2234 et
968 2189 1201 2245 obitibus,
1243 2192 1353 2245 etc„
1394 2190 1445 2234 in
1485 2188 1690 2236 defectu
1728 2189 1950 2248 magistri
1971 2204 1984 2245 ;
2019 2187 2083 2234 de
2124 2188 2288 2233 missis

235 2253 284 2296 et
307 2250 541 2306 obitibus,
566 2250 743 2297 saltem
766 2255 873 2298 toto
897 2255 1125 2311 tempore
1149 2253 1371 2312 magistri
1397 2267 1541 2299 nunc.

363 2315 660 2375 (Magister.)
730 2316 857 2361 Item
898 2316 1022 2362 dicit
1067 2316 1131 2361 de
1175 2317 1426 2375 compotis
1471 2316 1694 2375 magistri
1739 2329 1841 2361 non
1886 2314 2098 2360 redditis
2151 2315 2288 2359 iuxta

233 2377 447 2423 formam
470 2381 781 2425 statutorum.

363 2441 658 2500 (Magister.)
729 2443 856 2488 Item
896 2442 961 2488 de
999 2443 1152 2489 modo
1198 2442 1477 2502 recipiendi
1523 2446 1573 2489 et
1611 2442 1906 2502 reportandi
1946 2441 2174 2487 redditus
2219 2439 2287 2486 ad

235 2505 501 2564 collegium
524 2508 577 2550 vt
601 2520 762 2565 supra.
2188 2531 2193 2550 «

363 2567 658 2629 (Magister.)
745 2570 986 2628 Magister
1030 2570 1284 2632 Johannes
1327 2570 1504 2616 White
1549 2570 1672 2616 dicit
1726 2568 1865 2631 quod
1921 2583 2022 2614 non
2077 2569 2287 2628 possunt

235 2631 422 2678 habere
446 2633 644 2691 copiam
668 2635 965 2679 statutorum
989 2637 1041 2679 vt
1064 2637 1271 2694 possent
1294 2648 1354 2679 ea
1376 2635 1725 2680 transcribere.

363 2695 662 2757 (Magister.)
731 2697 859 2742 Item
883 2697 1006 2743 dicit
1029 2697 1166 2758 quod
1201 2700 1385 2743 statuta
1418 2698 1468 2743 in
1503 2700 1645 2757 parte
1681 2699 1941 2744 seruantur
1975 2698 2026 2741 et
2058 2696 2110 2741 in
2143 2696 2286 2754 parte

234 2773 334 2804 non
359 2761 631 2813 seruantur,
658 2762 707 2805 et
731 2760 830 2810 hoc
853 2760 970 2806 ideo
994 2761 1112 2821 quia
1134 2761 1438 2820 ignorantur.

361 2822 604 2883 (Omnes)
674 2823 913 2883 Magister
961 2824 1206 2870 Ricardus
1253 2824 1480 2870 Laxtone
1525 2824 1648 2870 dicit
1692 2823 1829 2886 quod
1884 2822 2096 2868 ministri
2140 2821 2286 2868 tarde

232 2887 437 2931 veniunt
460 2885 525 2931 ad
550 2887 773 2943 chorum,
800 2890 862 2944 et,
888 2902 1003 2932 cum
1026 2888 1268 2941 venerint,
1301 2887 1525 2933 indeuoti
1560 2890 1688 2944 sunt,
1724 2885 2201 2934 cachinnacionibus
2236 2889 2286 2933 et

231 2948 341 2994 aliis
363 2949 618 2995 inutilibus
643 2951 806 2996 mimis
830 2951 1102 2997 insolenter
1125 2950 1450 2998 intendendo,

363 3012 661 3072 (Stonham.)
747 3014 875 3059 Item
916 3014 1040 3060 dicit
1084 3015 1223 3076 quod
1268 3014 1502 3060 dominus
1550 3014 1802 3060 Henricus
1846 3013 2088 3061 Stonham
2136 3016 2284 3061 nimis

232 3080 464 3134 suspecte
511 3080 560 3123 et
603 3076 893 3139 frequenter
939 3078 1040 3123 exit
1096 3078 1230 3123 solus
1286 3078 1553 3137 collegium
1607 3078 1674 3123 ad
1729 3077 1910 3133 villam,
1967 3078 2282 3125 intendendo

230 3139 452 3184 tabernis
490 3143 540 3185 et
575 3140 684 3186 aliis
735 3141 860 3186 locis
901 3141 1180 3201 suspectisl.
1271 3141 1437 3201 Negat
1475 3141 1739 3188 articulum
1783 3143 1932 3200 prout
1977 3143 2279 3197 articulatur,

228 3205 279 3247 et
324 3202 511 3249 deinde
556 3205 787 3263 purgauit
832 3219 886 3251 se
931 3219 1080 3264 super
1126 3205 1339 3251 obiectis
1383 3219 1497 3250 cum
1544 3204 1847 3265 Brownyng‚
1892 3204 2192 3252 Puttenham
2226 3210 2276 3253 et
2322 3218 2325 3221 “

231 3265 470 3311 Palmere.

357 3329 633 3389 (Thurleby
658 3347 667 3376 ε
709 3331 922 3390 White.)
1008 3332 1135 3378 Item
1159 3331 1296 3393 quod
1320 3331 1553 3378 mulieres
1577 3330 1765 3377 habent
1788 3332 1995 3377 nimium
2018 3347 2276 3379 accessum

226 3391 292 3437 ad
315 3406 540 3438 cameras
562 3393 821 3454 Thurleby
845 3398 894 3440 et
917 3395 1109 3455 Whyte
1132 3395 1262 3441 infra
1286 3395 1591 3452 claustrum?
1612 3397 1664 3440 vt
1688 3409 1852 3454 supra.

323 3505 338 3529 1
365 3505 400 3542 A
429 3505 526 3555 long
551 3518 570 3542 s
597 3517 664 3543 not
693 3505 913 3544 cancelled.

323 3555 341 3580 ²
368 3556 442 3595 Sic.

248 3698 254 3705 ⁵
283 3697 291 3705 ·
322 3646 336 3671 ¹
361 3646 565 3705 probably
595 3646 824 3695 Redburne,
843 3647 975 3686 whose
1002 3648 1172 3686 conduct
1203 3661 1281 3686 was
1311 3647 1518 3686 discussed
1551 3655 1590 3685 at
1619 3647 1716 3686 such
1749 3647 1887 3697 length
1920 3648 1959 3685 in
1991 3647 2058 3686 the
2090 3648 2276 3698 previous

219 3707 460 3786 wsnznssgis
488 3758 581 3786 note
609 3762 686 3786 was
715 3749 829 3790 made
849 3749 1055 3805 hurriedly
1074 3750 1151 3788 and
1181 3750 1558 3804 ungrammatically
1577 3750 1618 3787 in
1637 3749 1705 3787 the
1723 3749 1908 3801 original,
1928 3750 1998 3787 but
2017 3749 2085 3788 the
2112 3750 2275 3805 general

213 3811 330 3841 sense
359 3800 391 3841 is
411 3799 530 3841 clear.
