2488 4296
224 374 306 432 95
698 356 1183 417 ALNWICK’S
1266 357 1831 418 VISITATIONS
1884 309 1886 311 ι

358 516 475 579 [Ρο.
505 515 641 578 10d.]
715 517 842 562 Item
866 515 989 562 dicit
1011 516 1148 578 quod
1171 519 1354 563 statuta
1377 531 1477 563 non
1500 518 1731 578 leguntur
1752 519 2063 579 temporibus
2081 519 2265 568 debitis

230 581 505 629 secundum
528 582 750 640 ipsorum
774 581 1070 626 statutorum
1095 580 1418 640 exigenciam.

355 644 545 704 Quibus
569 643 862 690 examinatis
886 642 1118 689 dominus
1136 645 1444 690 continuauit
1460 645 1804 692 visitacionem
1822 661 1961 692 suam
1980 647 2265 695 huiusmodi

223 723 379 770 vsque
414 711 529 767 post
565 707 830 767 prandium
868 706 1092 753 eiusdem
1117 706 1216 753 diei
1241 708 1291 753 in
1316 708 1496 754 eodem
1526 708 1653 770 loco,
1678 710 1994 768 presentibus
2033 711 2262 772 Depyng,

223 772 430 831 Thorpe
471 773 520 817 et
559 785 639 816 me
679 770 930 817 Colstone.
1021 770 1211 829 Quibus
1246 771 1460 817 termino
1502 774 1552 817 et
1586 771 1699 818 1000
1740 774 1975 832 magister
2013 774 2265 836 Johannes

226 836 455 895 Depyng,
482 834 850 880 commissarius
874 833 996 879 dicti
1020 834 1283 880 reuerendi
1302 835 1456 894 patris
1479 835 1530 879 in
1554 834 1653 881 hoc
1676 836 1959 894 specialiter
1982 837 2262 897 deputatus,

223 899 468 960 processit
503 897 570 944 acl
607 897 893 943 vlteriorem
917 898 1345 944 examinacionem
1370 899 1475 944 siue
1498 899 1880 959 inquisicionem
1903 900 1954 946 in
1978 900 2264 948 huiusmodi

224 962 436 1022 negocio
459 961 552 1007 sub
576 961 672 1007 hac
695 960 871 1006 forma.

352 1025 597 1072 Dominus
636 1023 879 1070 Ricardus
905 1024 1159 1085 'Assheby,
1198 1025 1363 1071 socius
1399 1027 1670 1085 perpetuus
1715 1025 1836 1072 dicti
1881 1027 2093 1086 collegii,
2140 1028 2264 1075 dicit

222 1088 359 1151 quod
395 1087 647 1148 stipendia
682 1088 932 1134 sociorum
970 1102 1071 1133 non
1108 1087 1379 1134 soluuntur.
1470 1089 1782 1147 Quibusdam
1821 1093 1936 1135 sunt
1973 1094 2138 1138 aretro
2172 1107 2264 1152 per

222 1153 539 1214 quarterium,
565 1151 864 1213 quibusdam
883 1165 973 1211 per
991 1150 1312 1198 medietatem
1330 1152 1459 1197 anni.
1498 1152 1670 1198 Credit
1687 1155 1855 1199 tamen
1873 1154 2009 1216 quod
2028 1156 2263 1214 magister

223 1217 353 1262 bene
375 1215 527 1261 faciet
549 1229 663 1261 cum
687 1215 873 1274 poterit
896 1214 1164 1261 commoda
1187 1214 1387 1274 collegii
1411 1216 1628 1274 exigere.

351 1279 479 1325 Item
505 1278 627 1324 dicit
650 1278 787 1340 quod
811 1278 1016 1324 cuilibet
1040 1277 1312 1324 celebranti
1337 1279 1707 1338 septimanatim
1733 1281 1933 1326 missam
1956 1295 2049 1340 pro
2072 1283 2260 1328 anima-

221 1344 315 1389 bus
339 1343 470 1402 regis
495 1345 544 1388 et
567 1342 889 1388 fundatorum
913 1344 962 1388 et
984 1357 1081 1404 que
1105 1342 1347 1388 celebrari
1373 1342 1525 1388 debet
1549 1357 1638 1402 per
1663 1343 1806 1390 stalla
1828 1348 2135 1404 occupantes
2158 1360 2262 1392 non

221 1405 397 1452 satisfit
421 1406 485 1452 de
509 1405 763 1466 stipendio
786 1405 851 1451 ad
876 1405 973 1451 1100
997 1406 1250 1464 assignato
1269 1420 1358 1465 per
1382 1408 1565 1452 statuta
1587 1423 1596 1462 3
1633 1421 1747 1452 narn
1771 1408 1980 1468 quilibet
2004 1409 2263 1456 celebrans

222 1471 503 1530 perciperet
526 1471 576 1515 in
601 1470 880 1529 septimana
904 1483 992 1514 sua
1015 1470 1167 1530 xiiijd.
1195 1469 1322 1514 vltra
1345 1469 1651 1528 stipendium
1675 1485 1817 1516 suum
1842 1471 2083 1518 debitum.

351 1534 477 1580 Item
523 1533 646 1579 dicit
685 1533 821 1594 quod
860 1533 1113 1594 Johannes
1156 1532 1427 1579 Redburne
1472 1534 1725 1579 consumit·
1763 1535 1953 1581 cibaria
1997 1549 2261 1584 commune

221 1597 451 1656 collegii;
488 1611 602 1643 nam
638 1596 767 1642 infra
797 1611 984 1656 paucos
1015 1596 1123 1643 dies
1154 1597 1419 1656 preteritos
1449 1597 1607 1642 visum
1632 1597 1724 1643 fuit
1748 1599 1999 1646 commedi
2022 1600 2073 1644 in
2108 1599 2261 1647 domo

222 1676 309 1707 sua
331 1662 426 1707 tria
449 1661 614 1720 capita
637 1660 971 1720 porcellorum
1009 1660 1059 1706 in
1083 1661 1397 1716 salsamento,
1423 1675 1521 1722 que
1543 1660 1815 1707 creduntur
1838 1661 1995 1709 fuere¹
2019 1663 2083 1710 de
2106 1664 2259 1710 victu-

220 1725 380 1771 alibus
405 1724 615 1783 collegii.

351 1789 478 1834 Item
502 1787 624 1834 dicit
648 1787 712 1833 de
736 1788 932 1833 statutis
956 1803 1055 1834 non
1080 1787 1222 1834 lectis
1244 1790 1296 1833 vt
1320 1802 1481 1847 supra.

350 1852 476 1898 Item
514 1851 636 1898 dicit
671 1851 809 1913 quod
845 1854 1082 1897 statutum
1107 1851 1171 1897 de
1195 1865 1295 1897 non
1320 1851 1550 1897 exeundo
1573 1852 1665 1898 soli
1689 1866 1791 1898 non
1815 1852 2122 1911 obseruatur,
2146 1856 2262 1917 quia

219 1918 271 1962 vt
306 1915 401 1961 sibi
437 1914 633 1961 videtur
669 1915 816 1961 nimis
851 1927 1004 1974 graue
1039 1918 1115 1961 est
1149 1915 1215 1960 ad
1246 1915 1616 1961 obseruandum
1641 1918 1690 1961 et
1713 1916 1829 1962 ideo
1853 1932 2122 1979 numquam
2156 1922 2263 1965 erat

220 1979 494 2025 admissum
538 1978 602 2024 ab
647 1979 798 2025 inicio
824 1996 833 2036 ;
892 1993 1006 2024 nam
1051 1978 1329 2025 credebant
1372 1978 1608 2026 habuisse
1652 1979 2089 2028 modificacionem
2132 1982 2262 2028 illius

221 2043 402 2089 statuti.
1498 2075 1505 2079 -

353 2106 598 2152 Dominus
632 2105 885 2167 Johannes
924 2105 1147 2151 Palmere
1184 2105 1308 2152 dicit
1345 2105 1409 2152 de
1444 2106 1634 2152 salariis
1670 2121 1769 2152 non
1807 2107 1979 2153 solutis
2014 2111 2066 2154 vt
2095 2123 2258 2168 supra,

220 2184 335 2216 cum
358 2173 570 2232 quatuor
593 2170 672 2215 vel
708 2170 929 2231 quinque
951 2170 1101 2216 sociis
1125 2170 1188 2214 sit
1210 2172 1375 2215 aretro
1412 2169 1476 2215 de
1500 2170 1764 2229 stipendiis
1788 2171 1888 2216 suis
1910 2186 1999 2231 per
2023 2172 2261 2219 medieta-

217 2236 319 2280 tem
343 2234 473 2279 anni.
543 2233 674 2279 Nam
710 2233 920 2294 quilibet
956 2233 1120 2279 socius
1157 2233 1392 2279 sacerdos
1429 2234 1563 2292 capit
1598 2234 1648 2279 in
1685 2249 1817 2280 anno
1853 2235 1919 2295 xij
1963 2250 2168 2293 marcas,
2195 2236 2259 2283 de

217 2297 398 2359 quibus
422 2297 570 2343 soluit
593 2311 686 2356 pro
710 2311 880 2343 mensa
902 2297 986 2342 lxs.
1013 2298 1281 2342 annuatim.

349 2361 476 2407 Item
501 2360 623 2406 dicit
645 2360 782 2422 quod
808 2375 907 2406 non
933 2360 1145 2406 habetur
1168 2361 1362 2419 integer
1385 2375 1620 2406 numerus
1655 2362 1919 2420 sociorum,
1956 2377 2050 2409 nec
2083 2363 2260 2426 aliquis

217 2425 268 2470 in
292 2424 470 2471 ordine
495 2423 804 2470 diaconatus²
825 2423 1101 2471 secundum
1125 2426 1321 2470 statuta.

346 2488 473 2535 Item
515 2487 638 2534 dicit
677 2487 815 2549 quod
855 2490 1038 2534 statuta
1076 2502 1178 2534 non
1205 2488 1436 2547 leguntur
1460 2487 1735 2534 secundum
1759 2489 2035 2535 eorundem
2059 2490 2257 2550 exigen-

220 2566 360 2598 ciam.

346 2616 474 2661 Item
494 2613 772 2677 dicitquod
790 2617 1028 2661 statutum
1053 2614 1117 2661 de
1140 2614 1488 2661 conseruando
1506 2614 1685 2661 iocalia
1701 2618 1752 2662 et
1774 2616 2062 2662 thesaurum
2081 2616 2260 2663 domus

214 2693 315 2725 non
339 2679 647 2736 obseruatur,
673 2693 787 2725 curn
823 2679 1060 2738 magister
1095 2679 1264 2725 omnia
1295 2678 1429 2725 solus
1451 2679 1630 2739 recipit
1654 2682 1704 2726 et
1727 2680 1896 2726 omnia
1920 2680 2055 2726 solus
2073 2695 2259 2742 expen-

220 2742 308 2788 dit.

346 2807 472 2852 Item
511 2806 634 2852 dicit
669 2805 806 2868 quod
842 2808 1081 2852 statutum
1117 2805 1183 2852 de
1206 2821 1307 2852 non
1331 2805 1563 2852 exeundo
1587 2807 1902 2866 procinctum
1925 2807 2123 2868 collegii
2158 2822 2259 2855 non

221 2870 528 2925 obseruatur,
554 2884 669 2916 cum
693 2869 969 2916 secundum
993 2870 1115 2915 illud
1139 2884 1238 2915 non
1264 2870 1355 2916 soli
1380 2873 1666 2929 euagentur.

349 2934 476 2979 Item
501 2934 623 2980 dicit
646 2933 783 2995 quod
806 2933 1059 2994 Johannes
1086 2933 1370 2989 Redburne,
1396 2933 1582 2979 iuratus
1606 2933 1670 2980 de
1693 2932 1934 2981 fidelitate
1958 2937 2000 2980 et
2024 2933 2260 2982 honestate

219 2997 535 3044 obseruanda
578 3012 735 3056 penes
779 2997 1045 3056 collegium
1090 3000 1140 3043 et
1184 2997 1459 3056 singulares
1502 3011 1742 3056 personas
1786 2998 2010 3044 eiusdem
2059 2998 2123 3044 de
2157 3013 2257 3045 non

219 3060 608 3107 scandalizando
644 3075 745 3116 005,
771 3063 945 3107 contra
980 3062 1312 3107 iuramentum
1349 3075 1490 3106 suum
1528 3059 1808 3107 diffamauit
1845 3062 2135 3120 magistrum
2173 3062 2257 3109 de-

317 3173 328 3197 ]
359 3173 449 3210 Sic:
477 3173 536 3210 for
551 3174 693 3222 ficisse.

316 3224 333 3249 2
358 3230 443 3262 atus
469 3223 684 3262 interlined
710 3225 835 3261 above
862 3238 970 3262 orum
998 3223 1213 3262 cancelled.

318 3295 331 3319 ²
360 3294 519 3333 statute
540 3301 585 3339 27
605 3294 789 3344 required
808 3295 875 3333 the
895 3295 1062 3344 reading
1081 3295 1124 3333 of
1147 3295 1215 3333 the
1236 3302 1405 3333 statutes
1424 3295 1537 3332 twice
1564 3295 1713 3346 yearly,
1732 3295 1805 3333 viz.
1834 3309 1884 3334 on
1913 3296 1981 3334 the
2009 3309 2196 3337 morrows
2222 3299 2265 3337 of

215 3348 282 3386 the
302 3348 422 3385 feasts
442 3347 483 3383 οἱ
507 3345 574 3383 the
595 3345 847 3383 Purification
868 3347 946 3384 and
966 3347 1224 3392 Assumption
1245 3347 1286 3383 of
1302 3359 1374 3384 our
1394 3346 1519 3394 Lady.

315 3399 332 3423 ²
359 3398 519 3436 Statute
537 3398 584 3445 48
607 3398 823 3445 prescribes
843 3411 864 3434 a
883 3408 1072 3447 payment
1091 3398 1133 3435 of
1150 3398 1211 3435 2d.
1231 3411 1253 3435 a
1271 3397 1349 3448 day
1366 3399 1441 3446 (i.e.
1471 3397 1555 3446 14d.
1575 3411 1598 3435 a
1617 3397 1738 3446 week)
1757 3399 1854 3436 from
1875 3399 1942 3436 the
1961 3412 2142 3438 common
2163 3401 2260 3439 fund

215 3459 258 3488 to
276 3449 374 3487 each
394 3448 577 3490 chaplain
597 3447 685 3485 who
703 3448 921 3486 celebrates
939 3462 957 3486 a
980 3449 1129 3498 special
1158 3462 1262 3487 mass
1290 3449 1349 3486 for
1370 3450 1508 3499 Henry
1528 3457 1557 3486 v
1577 3449 1659 3498 (i.e.
1681 3449 1748 3486 the
1775 3450 1962 3499 reigning
1988 3451 2100 3499 king)
2122 3465 2165 3490 or
2191 3453 2259 3491 the

215 3500 397 3539 founder.
467 3491 526 3548 By
546 3508 694 3536 statute
711 3511 762 3547 44
781 3513 803 3536 a
822 3499 931 3549 daily
949 3513 1053 3537 mass
1072 3501 1113 3538 of
1130 3501 1305 3550 requiem
1327 3500 1493 3538 without
1511 3500 1637 3538 music
1656 3513 1735 3538 was
1755 3500 1922 3538 ordered
1943 3502 2000 3539 for
2022 3501 2193 3541 Richard
2215 3514 2261 3549 11,

218 3552 356 3601 Henry
376 3560 434 3595 IV,
457 3550 597 3600 Henry
616 3560 657 3596 v,
677 3549 857 3589 Edward.
875 3551 980 3589 duke
999 3551 1042 3588 of
1066 3551 1188 3596 York‚
1208 3552 1274 3590 the
1302 3551 1479 3599 founder,
1499 3551 1559 3589 his
1585 3551 1762 3590 children
1792 3552 1981 3590 Edmund
2008 3553 2085 3591 and
2114 3553 2259 3600 Isabel,

213 3604 280 3641 the
300 3615 438 3653 patron
459 3601 572 3639 when
592 3601 708 3642 dead,
728 3601 805 3638 and
825 3602 877 3639 all
897 3602 1057 3640 faithful
1077 3602 1196 3640 souls.

316 3653 332 3677 ³
360 3653 518 3691 Statute
540 3659 601 3699 35,
623 3665 666 3689 as
684 3653 823 3690 above.
880 3653 916 3690 It
936 3653 1099 3691 forbade
1119 3654 1351 3703 wandering
1369 3653 1484 3691 alone
1503 3653 1659 3691 ontside
1679 3653 1746 3691 the
1766 3653 1916 3703 college
1936 3654 2022 3692 into
2040 3669 2119 3706 any
2138 3656 2261 3694 house

214 3706 252 3743 in
275 3705 342 3742 the
360 3713 466 3742 town
486 3716 529 3740 or
547 3703 895 3751 neighbourhood,
918 3705 993 3742 and
1015 3705 1197 3754 entering
1216 3719 1294 3755 any
1314 3716 1447 3743 tavern
1470 3708 1479 3726 ‘
1494 3717 1586 3743 save
1604 3705 1644 3743 in
1664 3703 1731 3742 the
1751 3717 1936 3754 presence
1956 3706 1999 3744 of
2015 3719 2202 3745 someone
2222 3708 2263 3745 of

218 3756 416 3795 sufficient
435 3754 594 3804 dignity
614 3755 691 3792 and
711 3754 882 3802 honesty
895 3758 916 3793 ’.

316 3806 332 3832 ⁴
362 3807 421 3858 By
439 3816 588 3844 statute
611 3815 626 3845 1
649 3805 717 3844 the
736 3804 890 3857 college
908 3818 988 3847 was
1007 3816 1049 3844 to
1068 3807 1217 3846 consist
1235 3807 1278 3844 of
1294 3821 1316 3846 a
1335 3814 1490 3853 master,
1519 3817 1739 3860 precentor,
1769 3806 1906 3847 eleven
1935 3806 2048 3848 other
2074 3808 2260 3862 chaplain
