2488 4296
295 415 415 474 188
746 415 1234 476 ALNWICK'S
1317 417 1881 476 VISITATIONS

293 576 607 622 laudabiliter
643 576 796 632 finito,
835 576 1068 623 dominus
1097 576 1380 623 Willelmus
1412 577 1667 637 Walesby,
1706 576 1925 622 decanus
1962 575 2083 621 dicti
2119 576 2330 635 collegii,

292 640 522 686 liberauit
559 640 696 686 dicto
733 640 1012 686 reuerendo
1048 642 1176 700 patri
1213 639 1616 686 certificatorium
1651 639 1872 685 mandati
1909 638 2099 684 domini
2123 639 2217 684 sibi
2241 654 2334 698 pro

293 703 577 750 huiusmodi
613 704 904 749 visitacione
941 704 1117 749 directi
1154 707 1454 763 conceptum
1478 705 1528 749 in
1552 703 1647 749 hec
1669 703 1835 757 verba,
1867 706 1877 724 ⁴
1897 702 2333 749 Reuerendissimo

292 767 343 812 in
367 766 597 824 Christo,’
623 770 716 813 etc.
807 768 917 826 Quo
956 767 1193 827 perlecto,
1235 766 1468 823 decanus,
1509 767 1751 819 canonici,
1792 766 1962 812 vicarii
2001 768 2052 811 et
2088 766 2334 825 capellani

293 831 623 876 cantariarum
668 830 1002 877 exhibuerunt
1045 830 1347 877 sufficienter
1390 831 1579 876 litteras
1617 830 1850 876 ordinum
1889 832 1939 875 et
1978 828 2334 876 beneficiorum

292 894 498 939 interius
543 897 592 940 et
636 894 852 940 exterius
906 897 1053 953 prout
1108 895 1454 956 subsequitur;
1507 896 1557 940 et
1606 894 1872 940 examinati
1918 892 2092 939 dicunt
2133 907 2193 939 ea
2237 907 2335 954 que

293 959 579 1018 sequuntur.

423 1021 667 1067 Dominus
722 1021 1005 1067 Willelmus
1059 1021 1315 1081 Walesby,
1362 1020 1596 1076 decanus,
1648 1020 1874 1066 exhibuit
1928 1019 2229 1066 sufficienter
2283 1021 2333 1065 in

293 1083 553 1130 ordinibus
577 1087 627 1131 et
649 1086 699 1130 in
724 1084 972 1131 decanatu
995 1088 1045 1131 et
1067 1085 1327 1144 prebenda
1349 1099 1409 1130 ac
1431 1084 1540 1129 aliis
1563 1086 1612 1130 et
1634 1085 1793 1130 eciam
1830 1084 1880 1128 in
1916 1083 2197 1142 pluralitate
2231 1086 2333 1129 tam

292 1148 343 1192 in
376 1160 562 1206 genere
594 1163 742 1210 quam
767 1149 816 1193 in
840 1149 1009 1208 specie
1033 1149 1126 1194 sibi
1150 1146 1426 1204 concesse,¹
1449 1150 1499 1193 et
1522 1148 1701 1193 iurauit
1723 1146 2086 1193 obedienciam.
2156 1147 2335 1193 Postea

293 1212 603 1257 examinatus
639 1212 762 1258 dicit
797 1212 933 1272 quod
969 1213 1204 1272 magister
1238 1212 1491 1274 Johannes
1526 1211 1650 1272 Dey,
1685 1211 1956 1256 canonicus
1989 1210 2101 1267 loci,
2136 1213 2335 1256 notatur

293 1289 441 1334 super
463 1276 594 1322 vicio
618 1276 917 1322 sodomitico
935 1290 1050 1321 cum
1067 1277 1264 1322 Thoma
1282 1276 1488 1329 Craven,
1509 1275 1728 1321 chorista
1746 1274 1949 1330 ibidem,
1969 1274 2053 1334 qui
2075 1273 2334 1320 confessus

295 1341 383 1395 est,
419 1341 470 1385 et
505 1354 618 1385 cum
657 1339 876 1401 quodam
913 1335 1268 1399 cognominato
1303 1339 1491 1393 White,
1516 1339 1760 1384 canonico
1798 1337 1862 1383 de
1901 1337 2259 1398 Repyngdone,
2285 1340 2335 1384 et

293 1417 408 1448 cum
435 1403 659 1449 Henrico
683 1403 922 1459 Crauene,
942 1406 1123 1449 etcum
1146 1404 1372 1465 Johanne
1393 1402 1588 1462 Burley,
1608 1402 1840 1457 chorista,
1860 1415 2071 1462 quorum
2088 1401 2335 1463 aliquibus

294 1465 436 1512 dedit
470 1466 645 1526 longas
681 1467 866 1526 caligas
905 1469 956 1512 vt
994 1467 1216 1514 celarent
1255 1466 1540 1513 huiusmodi
1580 1467 1819 1525 peccata;
1855 1469 1905 1511 et
1943 1467 2019 1511 est
2055 1466 2335 1511 communis

294 1532 509 1576 sectator
563 1530 882 1576 tabernarum
937 1531 1247 1589 publicarum
1302 1545 1457 1592 vsque
1511 1529 1577 1575 ad
1631 1530 1924 1575 ebrietatem
1980 1531 2030 1573 et
2078 1529 2331 1574 vomitum.

297 1594 578 1655 Inquiratur
601 1609 631 1640 a
653 1594 909 1640 Willelmo
946 1594 1169 1656 Bentley,
1195 1608 1320 1641 coco
1344 1608 1502 1653 nuper
1526 1593 1647 1638 dicti
1670 1592 1893 1651 magistri
1925 1591 2178 1653 Johannis‚
2204 1607 2335 1639 nunc

294 1672 407 1703 cum
447 1657 653 1703 domino
697 1658 920 1704 Henrico
963 1659 1107 1714 Rose‚
1149 1659 1407 1713 canonico,
1445 1660 1494 1703 et
1532 1671 1561 1702 a
1600 1656 1807 1702 domino
1850 1655 2106 1702 willelmo
2148 1656 2333 1717 Derby,

293 1721 479 1767 vicario
503 1721 727 1767 eiusdem
751 1722 973 1780 magistri
1009 1722 1262 1783 Johannis‚
1292 1724 1343 1767 et
1376 1736 1406 1766 a
1440 1720 1668 1782 Johanne
1690 1719 1969 1776 Welforde,
1994 1723 2336 1765 commorante

293 1799 399 1829 cum
444 1784 652 1831 domino
700 1785 923 1831 Henrico
971 1786 1116 1842 Rose‚
1158 1785 1416 1842 canonico,
1458 1787 1508 1830 et
1546 1799 1575 1830 a
1614 1783 1819 1830 domino
1869 1783 2091 1829 Henrico
2136 1783 2332 1844 Syleby,

291 1848 478 1894 vicario
501 1848 701 1895 eidem.²¹

419 1911 807 1973 (Shiryngham:
843 1914 994 1971 nota.)
1081 1913 1326 1959 Dominus
1370 1911 1622 1974 Johannes
1662 1909 2009 1971 Shiryngham,
2051 1911 2333 1968 canonicus,

291 1975 598 2022 adulteratur
612 1991 726 2022 cum
740 1991 892 2022 vxore
908 1977 1166 2022 cuiusdam
1185 1975 1645 2037 Ryggesmaydene.
1694 1974 1927 2021 Secundo
1942 1974 2024 2020 die
2041 1974 2336 2020 Decembris

293 2040 345 2084 in
367 2039 482 2086 loco
505 2040 765 2099 capitulari
790 2042 1069 2099 comparuit
1086 2042 1160 2086 vir
1178 2044 1228 2087 et
1245 2040 1586 2100 personaliter,
1607 2041 1656 2084 et
1675 2041 1823 2097 negat
1840 2039 2029 2084 crimen
2047 2054 2077 2084 a
2093 2038 2337 2098 tempore⁸

294 2104 612 2163 purgacionis
635 2103 766 2150 facte
790 2119 958 2150 coram
983 2104 1177 2150 decano
1203 2122 1212 2161 ;
1249 2107 1298 2150 et
1331 2105 1403 2150 sic
1436 2118 1499 2149 ex
1521 2103 1688 2162 gracia
1710 2103 1940 2161 purgauit
1963 2117 2016 2148 se
2039 2104 2145 2147 sola
2168 2117 2331 2147 manu.

297 2167 364 2212 Et
402 2167 587 2213 deinde
632 2168 864 2214 dominus
909 2169 1102 2214 monuit
1145 2183 1258 2214 eum
1303 2168 1396 2214 sub
1440 2182 1570 2227 pena
1615 2165 2152 2212 excommunicacionis
2198 2165 2335 2226 quod

293 2230 529 2277 decetero
553 2245 654 2277 non
678 2231 861 2278 habeat
885 2246 997 2278 cum
1016 2247 1074 2278 ea
1092 2232 1308 2293 aliquam
1331 2231 1717 2277 familiaritatem
1740 2232 2022 2288 suspectam
2047 2244 2159 2275 cum
2182 2228 2273 2276 ea.4

422 2294 663 2351 (Wellesz
699 2298 851 2354 nota.)
941 2295 1181 2355 Magister
1229 2295 1522 2354 Radulphus
1565 2292 1770 2349 WelleS‚
1812 2294 2096 2349 canonicus,
2137 2295 2335 2339 notatur

293 2373 406 2404 cum
441 2358 600 2404 Alicia
635 2359 814 2420 Norys,
840 2373 997 2418 nuper
1033 2360 1098 2405 de
1133 2359 1372 2419 parochia
1407 2359 1553 2404 beate
1589 2357 1749 2403 Marie
1783 2357 1849 2403 ad
1884 2359 2113 2412 castrum,
2147 2357 2205 2402 de
2238 2371 2334 2416 qua

287 2423 561 2481 procreauit
588 2422 784 2482 prolem,
811 2425 861 2468 et
884 2438 997 2468 cum
1030 2423 1258 2484 Johanna
1279 2437 1432 2469 vxore
1454 2421 1695 2467 Willelmi
1723 2420 1894 2466 Heuse
1930 2420 1994 2466 de
2033 2421 2332 2480 Leycestria,

294 2488 343 2531 et
365 2500 480 2531 cum
503 2485 662 2532 Alicia
684 2486 944 2546 Spensere,
965 2486 1030 2532 de
1053 2502 1150 2548 qua
1173 2487 1455 2546 procreauit
1471 2485 1691 2546 prolem3
1717 2486 1766 2529 et
1788 2484 1881 2530 iste
1899 2484 2130 2530 mulieres
2148 2484 2336 2530 habent

293 2563 609 2596 communem
632 2565 890 2596 accessum
907 2550 972 2596 ad
991 2550 1273 2610 hospicium
1291 2550 1451 2595 suum⁵
1468 2548 1772 2603 canonicale,
1792 2550 1843 2593 et
1859 2547 2048 2593 ibidem
2067 2550 2335 2607 expectant

292 2612 598 2674 aliquociens
637 2616 742 2660 tota
781 2614 864 2660 die
902 2617 954 2660 et
990 2618 1139 2660 nocte
1179 2617 1229 2660 et
1267 2613 1456 2660 ibidem
1495 2628 1579 2659 eas
1614 2613 1863 2670 cognouit.
1945 2612 2249 2670 Comparuit‚
2285 2614 2334 2657 et

292 2676 493 2723 obiecto
527 2678 736 2724 articulo
772 2679 949 2737 primo,
974 2681 1124 2737 negat
1159 2678 1349 2724 crimen
1385 2693 1414 2723 a
1449 2679 1677 2735 tempore
1712 2676 2046 2721 correccionis
2080 2674 2211 2721 facte
2245 2689 2334 2734 per

395 2788 406 2811 1
435 2788 519 2825 Sic:
549 2789 608 2826 sor
634 2803 812 2827 concessa.

392 2839 409 2862 2
434 2839 520 2878 The
548 2841 701 2879 clauses
728 2841 770 2879 of
799 2841 877 2879 this
909 2854 1077 2891 passage
1108 2841 1185 2879 and
1218 2852 1311 2880 note
1344 2853 1409 2878 are
1441 2839 1558 2877 much
1589 2839 1723 2878 mixed
1752 2853 1805 2889 up
1837 2840 1875 2877 in
1906 2840 1974 2877 the
1996 2838 2097 2886 MS.,
2126 2839 2258 2887 owing
2288 2846 2329 2875 to

287 2890 502 2928 insertions
521 2893 634 2930 made
652 2893 753 2931 after
770 2893 837 2931 the
856 2893 1026 2941 original
1044 2893 1160 2932 draft.

392 2942 408 2965 3
433 2956 519 2980 corr
536 2943 751 2982 cancelled.

393 2993 409 3016 4
437 2995 513 3032 Sic.

392 3045 407 3068 5
433 3045 596 3084 Altered
617 3046 716 3084 from
737 3059 856 3084 suam.

394 3135 407 3158 ¹
437 3135 513 3173 For
531 3150 580 3174 an
600 3148 766 3175 account
785 3138 827 3175 of
840 3137 1030 3188 Walesby
1049 3152 1113 3177 see
1130 3139 1231 3185 ibid„
1250 3150 1391 3183 XXXII,
1413 3141 1541 3186 538—9.
1612 3140 1676 3177 He
1704 3153 1781 3176 was
1811 3138 2006 3176 admitted
2025 3146 2067 3175 to
2085 3137 2151 3174 the
2169 3135 2334 3174 seventh

290 3187 480 3237 prebend,
509 3195 529 3232 7
560 3188 672 3234 Dec.‚
705 3199 813 3236 1431,
833 3190 910 3226 and
940 3198 982 3227 to
1013 3191 1080 3228 the
1112 3191 1286 3240 deanery
1317 3191 1394 3228 and
1424 3191 1507 3228 first
1541 3191 1733 3239 prebend,
1765 3192 1808 3227 18
1845 3190 1943 3227 Dec.
1964 3189 2181 3236 following,
2203 3198 2243 3224 at
2268 3186 2335 3223 the

291 3251 394 3286 pres.
416 3238 458 3276 of
474 3239 536 3276 his
553 3250 773 3288 patroness,
795 3253 924 3289 queen
946 3240 1166 3279 Katharine
1188 3242 1309 3292 (Reg.
1329 3251 1435 3286 XVII,
1454 3243 1504 3279 fo.
1528 3243 1604 3291 37).
1678 3243 1743 3280 He
1776 3241 1963 3290 resigned
1995 3240 2062 3278 the
2095 3240 2269 3287 deanery
2295 3238 2333 3275 in

293 3290 1450 3399 Dee}prsezgssaggsseg}153³}-Siztffitffld‚sizgillzoggfflgtcgg.
1470 3355 1511 3381 11
1549 3344 1657 3393 May,
1694 3346 1803 3390 1438,
1835 3344 1912 3380 and
1947 3353 1989 3381 to
2019 3343 2088 3380 the
2118 3341 2266 3380 church
2293 3339 2336 3378 of

291 3392 490 3440 Wigston,
509 3406 559 3430 on
579 3394 782 3442 exchange
801 3395 842 3431 of
858 3395 980 3432 Great
999 3395 1272 3442 Chesterford,
1292 3395 1431 3443 Essex,
1450 3395 1543 3432 with
1565 3394 1741 3433 Thomas
1761 3395 1859 3445 Hyll
1880 3394 1999 3445 (Reg.
2020 3405 2150 3439 XVIII,
2169 3394 2219 3432 fo.
2248 3401 2332 3440 149,

291 3444 418 3480 where
438 3444 505 3481 the
525 3457 660 3482 names
679 3458 744 3481 are
764 3446 941 3495 wrongly
960 3446 1221 3495 transposed).
1279 3447 1343 3484 He
1374 3460 1453 3484 was
1485 3446 1579 3484 inst.
1599 3456 1641 3484 to
1660 3447 1785 3485 Great
1803 3445 2062 3484 Chesterford
2080 3455 2119 3483 at
2137 3444 2204 3482 the
2231 3456 2331 3493 pres.

291 3495 334 3532 of
362 3494 480 3540 John,
513 3495 618 3533 duke
650 3496 693 3532 of
725 3495 911 3542 Norfolk,
945 3499 965 3534 8
998 3497 1105 3545 Oct„
1145 3498 1240 3544 1426
1274 3498 1507 3546 (Newcourt
1540 3508 1589 3542 11,
1625 3500 1724 3544 132).
1781 3497 1995 3535 Newcourt
2027 3495 2222 3534 identifies
2253 3494 2334 3532 him

291 3545 470 3595 wrongly
505 3546 600 3583 with
638 3560 659 3583 a
696 3547 911 3585 somewhat
946 3548 1087 3586 earlier
1123 3560 1252 3587 rector
1287 3549 1330 3586 of
1363 3549 1422 3587 St.
1461 3548 1767 3596 Bartholomew‚
1803 3548 2031 3598 Exchmge,
2060 3547 2228 3585 London
2257 3546 2336 3595 (see

294 3597 521 3647 Hennessy,
540 3599 639 3636 Nov.
660 3600 768 3648 Rep„
789 3600 892 3646 280).

395 3647 411 3671 ³
438 3649 642 3686 Admitted
675 3660 716 3686 to
747 3650 813 3687 the
845 3650 1010 3687 seventh
1042 3651 1217 3699 prebend
1253 3652 1296 3688 18
1330 3650 1447 3697 Nov„
1480 3660 1573 3699 1423
1607 3651 1726 3700 (Reg.
1757 3661 1848 3698 XVI,
1875 3650 1929 3688 fo.
1953 3650 2094 3697 Iood.).
2163 3649 2228 3687 He
2257 3660 2331 3685 was

292 3699 549 3737 re-admitted
570 3710 589 3745 3
611 3700 733 3749 Aug„
758 3710 854 3748 1424
873 3701 1086 3748 (Lambeth
1117 3702 1220 3751 Reg.
1243 3702 1436 3740 Chichele
1457 3711 1483 3750 Ι,
1503 3703 1556 3740 fo.
1579 3712 1650 3749 243
1670 3702 1746 3739 and
1765 3703 1832 3749 (ᾖ),
1850 3702 1928 3739 and
1955 3701 2137 3750 resigned
2157 3700 2197 3737 in
2220 3708 2329 3747 1431,

293 3750 405 3788 when
436 3750 633 3800 Walesby,
652 3752 739 3789 who
767 3752 919 3790 needed
939 3766 962 3789 a
980 3753 1155 3803 prebend
1184 3767 1227 3791 as
1246 3767 1268 3790 a
1295 3754 1565 3802 qualification
1597 3753 1656 3790 lor
1673 3753 1740 3792 the
1768 3754 1956 3803 deanery,
1974 3765 2052 3790 was
2077 3750 2271 3789 admitted
2289 3749 2330 3786 in

291 3801 353 3839 his
386 3801 496 3850 place
528 3802 647 3851 (Reg.
668 3813 777 3848 XVII,
797 3803 846 3840 fo.
869 3805 948 3850 37).
1002 3803 1067 3842 On
1102 3806 1145 3841 18
1177 3804 1287 3849 Dec.‚
1310 3812 1419 3852 1437,
1438 3805 1488 3842 he
1513 3818 1590 3843 was
1619 3805 1811 3842 admitted
1839 3814 1880 3841 to
1899 3805 1966 3841 the
1984 3803 2136 3842 twelfth
2156 3799 2330 3851 prebend

292 3865 341 3889 on
372 3853 438 3890 the
458 3866 533 3891 res.
556 3854 597 3890 of
624 3853 798 3892 Thomas
830 3854 928 3899 Hill,
963 3855 1050 3892 who
1077 3855 1294 3894 succeeded
1325 3865 1366 3893 to
1394 3857 1461 3894 the
1491 3855 1657 3894 seventh
1677 3856 1849 3905 prebend
1869 3854 2005 3903 (ibid).
2075 3854 2139 3892 He
2169 3850 2330 3891 vacated
