2476 4412
336 468 414 523 16
786 453 1273 516 ALNWICK’S
1355 446 1922 508 VISITATIONS

335 620 482 680 igitur
498 619 550 664 vt
573 617 804 663 dominus
821 612 988 660 videat
1010 613 1060 658 et
1082 609 1280 656 ordinet
1303 605 1596 653 remedium.
1656 605 1967 651 Demoliatur
1984 605 2120 652 volta
2141 606 2193 652 in
2217 606 2373 654 choro

335 684 386 730 in
409 682 635 742 proxima
657 681 826 726 estate.
1500 734 1508 742 ε
2247 732 2256 742 ⁸

463 746 590 790 Item
608 743 729 789 dicit
747 739 882 803 quod
901 736 1260 788 dormitorium,
1278 734 1612 788 refectorium,
1631 731 1900 778 claustrum
1919 735 1968 778 et
1991 734 2158 780 cetera
2176 732 2374 780 ed1ficia

335 807 618 866 monasterij
646 807 757 851 sunt
781 803 988 849 multum
1011 801 1210 845 ruinosa
1233 799 1283 843 in
1306 800 1499 843 tantum
1523 794 1660 857 quod
1683 795 1810 854 pluit
1833 795 1900 840 ad
1921 795 2065 842 infra.

464 872 590 916 Item
635 868 756 914 dicit
799 865 949 927 quod,
989 878 1103 909 cum
1147 862 1293 921 pauci
1339 861 1437 905 sint
1480 860 1532 905 in
1578 873 1800 914 numero,
1841 858 2000 920 quodl
2039 873 2140 905 non
2185 859 2374 906 habent

334 934 575 980 scolarem
597 932 812 992 aliquem
835 930 885 974 in
908 926 1240 977 Vniuersitate,
1267 926 1473 983 propter
1496 922 1634 984 quod
1658 922 1799 968 timet
1823 922 1960 983 quod
1984 925 2127 968 erunt
2150 922 2373 970 mulctati

334 998 385 1043 in
418 1010 589 1043 eorum
623 993 838 1053 capitulo
872 989 1104 1050 generali.
1187 989 1303 1033 Non
1338 988 1452 1032 sunt
1485 986 1535 1031 in
1571 1000 1780 1031 numero
1812 987 2084 1047 vicenarij:
2119 986 2237 1033 ideo
2270 1000 2372 1033 non

333 1062 562 1106 tenentur
584 1057 648 1103 ad
674 1057 769 1102 hoc
794 1070 930 1101 onus.
1002 1053 1124 1098 Ideo
1149 1054 1198 1097 et
1221 1051 1261 1096 si
1285 1051 1586 1096 mulctentur
1609 1049 1763 1095 nichil
1786 1049 1994 1095 soluant.

464 1123 588 1168 Item
623 1121 744 1166 dicit
777 1118 913 1179 quod
946 1116 1286 1162 iniuncciones
1319 1114 1452 1159 facte
1485 1127 1576 1172 per
1600 1112 1826 1159 diuersos
1850 1112 2082 1159 dominos
2105 1114 2373 1174 episcopos

335 1187 385 1231 in
404 1184 612 1231 diuersis
629 1181 1000 1229 visitacionibus
1023 1179 1145 1225 inibi
1169 1178 1399 1224 exercitis
1415 1179 1469 1222 vt
1491 1190 1584 1236 pro
1608 1176 1793 1222 salubri
1816 1177 2059 1235 regimine
2082 1178 2369 1238 monasterij

332 1252 434 1294 tam
456 1249 506 1292 in
530 1245 864 1306 spiritualibus
892 1258 1039 1303 quam
1071 1241 1429 1300 temporalibus
1463 1239 1786 1285 concelantur
1820 1242 1869 1286 et
1903 1254 2004 1286 non
2039 1239 2372 1287 deducanturl

333 1313 383 1357 in
419 1310 651 1366 medium,
689 1310 761 1354 sic
796 1307 930 1368 quod
967 1307 1257 1365 ignorantur
1287 1321 1296 1359 ;
1347 1306 1396 1350 et
1432 1303 1504 1349 sic
1542 1303 1674 1363 perit
1709 1302 1898 1349 bonum
1942 1303 2190 1364 regimen.
2211 1304 2372 1351 tocius

333 1374 631 1433 monasterij.
703 1372 1047 1417 Exhibeantur
1068 1369 1240 1415 vltimo
1263 1367 1409 1414 facte.

462 1438 586 1482 Item
606 1436 727 1481 dicit
744 1434 877 1495 quod
900 1433 1057 1480 abbas
1079 1435 1154 1478 est
1177 1431 1385 1477 multum
1404 1429 1628 1489 simplex,
1649 1429 1739 1475 sed
1762 1444 1864 1476 non
1882 1433 1958 1476 est
1980 1430 2372 1491 circumspectus

331 1501 380 1546 in
403 1499 772 1559 temporalibus,
798 1498 888 1544 sed
911 1496 1119 1542 multum
1142 1495 1329 1553 regitur
1351 1509 1441 1554 per
1464 1493 1670 1540 fratrem
1692 1493 1943 1540 Thomam
1968 1494 2199 1541 Bartone.

461 1564 587 1608 Item
612 1563 733 1608 dicit
755 1561 890 1623 quod
914 1562 964 1606 in
987 1560 1148 1619 primo
1168 1558 1388 1604 aduentu
1412 1572 1502 1603 suo
1519 1557 1585 1603 ad
1609 1556 1965 1603 monachatum
1988 1558 2039 1603 in
2062 1559 2369 1605 monasterio

332 1642 456 1672 vnus
491 1626 764 1672 monachus
799 1625 909 1684 plus
945 1623 1164 1669 habebat
1199 1623 1250 1668 in
1287 1621 1478 1668 ferculo
1515 1635 1606 1666 suo
1641 1635 1791 1682 quam
1814 1636 1947 1668 nunc
1970 1620 2159 1667 habent
2181 1623 2295 1678 treS,
2321 1624 2371 1668 et

331 1693 498 1736 tamen
533 1689 680 1735 nunc²
713 1689 890 1734 domus
924 1702 1024 1733 non
1059 1687 1216 1732 maius
1250 1687 1549 1731 exoneratur
1584 1698 1668 1731 ere
1698 1684 1863 1730 alieno
1889 1686 1938 1730 et
1962 1683 2117 1731 nichil
2141 1687 2370 1746 superest

333 1756 447 1813 post
470 1752 817 1799 refeccionem.

462 1817 587 1862 Item
620 1817 745 1875 petit
778 1815 913 1877 quod
935 1814 1272 1875 vnusquisque
1296 1811 1571 1859 monachus
1595 1814 1810 1871 ponatur
1832 1811 1899 1857 ad
1922 1814 2114 1858 certum
2137 1827 2293 1867 suum,
2319 1815 2370 1859 et

333 1882 452 1926 tunc
486 1879 734 1925 videbitur
768 1894 831 1924 an
868 1878 1223 1924 monasterium
1259 1876 1566 1922 indebitatur
1601 1877 1809 1935 propter
1833 1878 2059 1935 sumptus
2082 1876 2370 1922 excessiuos

334 1946 609 1989 conuentus
630 1943 709 1988 vel
740 1945 944 2002 propter
967 1942 1191 2000 ineptum
1214 1941 1438 1999 regimen
1471 1938 1844 1998 presidencium
1869 1956 1878 1995 ;
1914 1940 2032 2001 quia
2064 1939 2213 1998 plane
2246 1939 2370 1986 dicit

333 2006 469 2068 quod
507 2007 557 2051 in
596 2006 768 2052 vltimo
808 2005 1027 2051 aduentu
1065 2004 1253 2050 domini
1288 2018 1390 2049 non
1426 2003 1708 2049 habuerunt
1745 2003 1796 2048 in
1832 2002 2100 2049 refectorio
2137 2003 2231 2048 nisi
2267 2002 2370 2049 duo

332 2083 515 2128 genera
538 2069 760 2128 piscium,
786 2068 1019 2115 videlicet
1041 2067 1223 2113 alleces
1247 2069 1296 2113 et
1319 2067 1476 2113 salsos
1499 2067 1677 2126 pisceS,
1703 2066 1754 2112 in
1778 2066 1979 2113 modica
2001 2067 2278 2128 quantitate
2301 2067 2370 2113 ita

333 2132 469 2195 quod
493 2132 645 2178 nichil
668 2135 935 2192 supererat.

462 2196 588 2242 Item
612 2195 733 2242 dicit
750 2195 886 2257 quod
910 2195 1003 2241 nisi
1028 2195 1259 2241 dominus
1282 2196 1505 2255 apponat
1527 2208 1731 2240 manum
1755 2208 1907 2251 suam,
1927 2194 2286 2240 monasterium
2317 2193 2370 2239 in

332 2258 471 2305 breui
495 2260 711 2305 incurret
734 2258 882 2305 finale
905 2258 1269 2305 exterminium.
2085 2291 2088 2295 .

461 2322 587 2368 Item
621 2338 732 2369 cum
767 2323 990 2382 hospites
1024 2321 1277 2369 declinent
1311 2321 1376 2368 ad
1401 2320 1677 2367 monachos
1700 2319 1856 2367 nichil
1880 2321 2085 2366 omnino
2109 2320 2370 2368 habebunt

331 2385 395 2431 de
420 2386 632 2447 coquina
654 2386 718 2432 ad
741 2401 913 2432 eorum
937 2386 1286 2442 refeccionem‚
1312 2388 1362 2432 et
1386 2385 1486 2431 hoc
1508 2385 1559 2430 in
1584 2384 1787 2431 defectu
1817 2384 1984 2430 fratris
2016 2384 2214 2430 Thome
2250 2384 2367 2430 Bar-

329 2451 448 2494 tone
471 2449 708 2509 cellerarij
738 2467 747 2504 ς
783 2449 872 2496 sed
903 2450 1107 2511 quidam
1140 2449 1390 2510 Graystok
1423 2449 1489 2495 de
1521 2448 1638 2494 villa
1672 2447 1736 2494 de
1772 2448 2038 2508 Bardeney
2061 2447 2270 2494 habebit
2304 2447 2369 2495 de

330 2512 440 2571 ipso
463 2511 613 2558 fratre
635 2513 831 2559 Thoma
854 2512 1091 2574 quicquid
1114 2513 1359 2570 voluerit‚³
1382 2515 1432 2558 et
1465 2513 1505 2557 si
1540 2512 1624 2573 qui
1659 2511 1893 2558 monachi
1928 2511 2146 2557 dixerint
2179 2515 2189 2534 ‘
2212 2510 2369 2573 [F]er

330 2576 380 2620 in
399 2576 607 2622 seruicio
627 2577 770 2622 nobis
789 2577 914 2622 sicut
932 2580 982 2623 et
1005 2575 1130 2636 ipsi,'
1157 2579 1206 2622 et
1221 2576 1383 2626 ,nichil
1407 2576 1596 2622 habent
1618 2576 1669 2621 in
1692 2589 1936 2635 responso
1960 2575 2054 2621 nisi
2077 2575 2366 2635 opprobria.

334 2638 467 2683 Dicit
490 2639 625 2700 quod
649 2640 730 2685 ille
753 2640 1030 2700 Graystoke
1055 2643 1129 2686 est
1153 2640 1375 2686 seruiens
1398 2654 1514 2685 suus
1537 2641 1588 2685 et
1610 2653 1734 2685 vxor
1761 2640 1866 2685 eius
1901 2675 2246 2686 ........
2250 2637 2267 2663 ⁴

459 2702 584 2747 Item
609 2702 728 2748 dicit
751 2703 887 2764 quod
911 2718 1054 2750 senes
1077 2705 1204 2750 sicut
1227 2705 1432 2750 iuuenes
1456 2717 1584 2764 eque
1607 2705 1862 2762 ponuntur
1879 2702 1945 2748 ad
1968 2716 2122 2748 onera
2140 2703 2191 2748 in
2211 2701 2368 2749 choro

331 2766 381 2810 et
403 2764 667 2811 refectorio
689 2766 903 2824 legendo
928 2770 976 2813 et
1000 2766 1264 2825 cantando,
1290 2769 1340 2813 et
1363 2780 1465 2812 non
1489 2766 1646 2812 maius
1669 2767 1889 2826 parcitur
1912 2766 1964 2811 in
1993 2764 2137 2828 [hoc]
2166 2766 2369 2813 senibus

331 2841 479 2889 quam
503 2828 775 2875 iuuenibus.

462 2890 641 2953 [Item]
671 2893 805 2954 quod
828 2894 1032 2940 iuuenes
1051 2893 1284 2940 monachi
1309 2896 1422 2940 sunt
1445 2893 1823 2955 quodammodo
1842 2891 2055 2940 rebelles
2073 2895 2122 2939 et
2145 2893 2366 2953 proterui

331 2954 381 2999 in
406 2956 809 3013 responsionibus
833 2958 932 3002 suis
955 2971 1111 3016 penes
1135 2958 1370 3004 senioreS.
2055 2990 2057 2992 ·

379 3033 384 3038 ·
462 3016 636 3078 [Item]
664 3019 785 3065 dicit
803 3020 939 3081 quod
962 3023 1228 3082 postquam
1246 3022 1403 3067 abbas
1421 3023 1682 3080 receperat
1705 3019 1998 3066 mandatum
2020 3019 2368 3066 inhibitorium

331 3078 518 3125 domini
559 3096 649 3140 pro
688 3083 978 3130 visitacione
1018 3085 1139 3130 inibi
1181 3084 1476 3139 exercenda,
1518 3084 1655 3129 idem
1693 3083 1850 3129 abbas
1890 3083 1956 3130 ad
1995 3084 2368 3142 suggestionem

330 3141 494 3188 fratris
530 3144 725 3191 Thome
763 3146 992 3202 Bartone,
1028 3150 1147 3193 tunc
1184 3148 1532 3203 elemosinarii,
1559 3147 1896 3207 subcellerarij
1937 3146 2003 3193 et⁵
2038 3147 2366 3207 pietanciarij,

330 3205 543 3252 absoluit
587 3208 801 3255 eundem
845 3210 1048 3256 fratrem
1092 3211 1343 3258 Thomam
1389 3211 1454 3258 de
1499 3210 1665 3256 officio
1709 3210 2019 3271 pietanciarij
2068 3212 2118 3256 et
2162 3209 2368 3256 fratrem

337 3266 699 3329 [Wi]llelmum
726 3273 976 3333 Croyland
1000 3274 1252 3320 substituit
1274 3276 1325 3321 in
1351 3275 1546 3321 eodem.

432 3378 445 3402 ¹
472 3380 554 3419 Sic.

431 3428 448 3452 2
474 3430 573 3469 This
592 3444 718 3470 seems
736 3441 778 3471 to
797 3435 844 3472 be
863 3435 930 3473 the
948 3437 1068 3483 word,
1087 3437 1157 3474 but
1178 3437 1207 3474 it
1227 3438 1259 3475 is
1278 3450 1374 3487 very
1393 3437 1495 3475 faint
1514 3438 1553 3475 in
1573 3437 1641 3476 the
1662 3436 1752 3476 MS.

432 3479 447 3503 3
473 3480 645 3519 Written
666 3485 850 3522 voluerint
867 3501 881 3523 .·
908 3492 950 3523 nt
966 3488 1166 3526 cancelled
1187 3489 1266 3526 and
1284 3494 1300 3527 t
1316 3489 1547 3528 interlined.

430 3531 446 3554 ⁴¹
473 3531 594 3580 Quite
613 3533 803 3582 illegible.

431 3582 446 3604 ⁵
468 3585 784 3632 pecicancelled.

431 3651 445 3675 ¹
473 3651 569 3690 This
587 3654 699 3691 order
717 3655 759 3692 of
782 3656 848 3694 the
867 3658 1005 3707 bishop
1024 3660 1057 3697 is
1075 3661 1264 3711 specially
1283 3662 1520 3711 interesting
1538 3661 1637 3700 from
1656 3675 1706 3700 an
1726 3661 2008 3700 architectura}
2026 3661 2139 3711 point
2158 3662 2201 3699 of
2214 3661 2326 3700 view.

430 3701 447 3725 2
463 3702 547 3762 ⁸See
573 3705 784 3762 Visitatwns
799 3715 824 3752 1,
845 3715 926 3755 155,
948 3717 1028 3757 159,
1045 3711 1102 3748 for
1120 3713 1292 3762 colleges
1311 3722 1350 3750 at
1370 3712 1524 3752 Oxford
1545 3713 1788 3751 maintained
1808 3714 1860 3763 by
1874 3713 1942 3751 the
1961 3713 2091 3763 larger
2111 3712 2368 3751 Benedictine

329 3752 405 3789 and
425 3752 646 3792 Cistercxan
665 3759 935 3797 monasteries.

425 3803 440 3826 ³
466 3804 530 3842 l.e.
550 3805 617 3843 the
635 3807 873 3856 injunctions
890 3810 1019 3848 issued
1041 3813 1091 3861 by
1110 3813 1252 3863 bishop
1272 3814 1396 3864 Gray.
1450 3814 1524 3853 See
1554 3815 1773 3854 Visitations
1794 3824 1823 3863 Ι,
1850 3825 1925 3862 1-4.

428 3854 443 3876 4
470 3855 659 3894 Hitherto
678 3859 805 3896 called
832 3861 1097 3901 sub-cellarer.
1168 3864 1342 3903 Thomas
1375 3865 1622 3914 Elkyngt0n‚
1650 3879 1692 3904 as
1723 3879 1891 3916 appears
1919 3866 2055 3908 below.
2086 3878 2167 3903 was
2193 3865 2368 3917 actually
2395 3862 2396 3865 ¹

322 3901 497 3954 cellarer,
518 3907 586 3944 but
605 3920 731 3946 seems
750 3917 791 3948 to
809 3909 908 3950 have
929 3913 1028 3951 been
1047 3914 1088 3951 of
1104 3915 1217 3953 small
1237 3916 1480 3968 importanee
1500 3917 1710 3968 compared
1729 3917 1822 3958 with
1842 3917 1905 3955 his
1924 3916 2103 3956 nominal
2121 3917 2319 3957 assistant.

2461 1023 2476 1544 Asu-..ml..banasa—‚munz-..namh
2472 1000 2476 1006 .
2469 910 2476 961 Η..-
2471 872 2476 895 .Δ
2472 835 2476 855 ..
2471 802 2476 808 .
2473 771 2476 775 .
2472 747 2476 750 .
2466 722 2470 724 ¹
2467 680 2476 699 u.
2473 646 2476 652 .
2474 619 2476 623 .
