2488 4296
297 425 368 482 82
746 422 1234 481 ALNWICK'S
1317 418 1884 478 VISITATIONS

422 582 548 628 Item
570 581 706 627 idem
731 579 1025 640 Radulphus
1048 579 1200 626 allicit
1227 580 1432 625 iuuenes
1455 578 1726 623 canonicos
1759 577 1825 623 ad
1858 579 2143 626 exeundum
2177 580 2332 627 claus-

291 646 434 691 tralia
467 646 578 691 loca
610 645 674 690 ad
708 643 854 690 ludos
887 644 1064 690 noxios
1098 646 1147 689 et
1180 643 1392 697 illicitos,
1428 643 1478 687 et
1510 639 1632 686 facit
1664 655 1752 687 eos
1785 641 2030 703 reb[elles
2063 643 2244 705 priori]
2283 647 2333 690 et

292 710 472 756 ceteris
495 707 786 754 senioribus.

423 773 548 818 Item
583 771 704 817 dicit
736 770 873 831 quod
908 785 1160 831 nunquam
1195 770 1288 816 erit
1320 767 1651 829 tranquillitas
1684 769 1735 813 in
1770 770 2073 816 monasterio
2096 771 2335 832 quamdiu

293 835 480 882 ibidem
504 835 696 880 steterit
718 833 924 879 ibidem1
947 833 1110 887 dictus
1136 831 1444 891 Radulphus.

294 962 457 1008 dictus
481 960 783 1007 reuerendus
806 963 960 1020 pater,
986 961 1035 1005 in
1060 958 1344 1005 huiusmodi
1368 958 1671 1004 visitacionis
1694 973 1781 1004 sue
1805 960 2017 1018 negocio
2040 960 2336 1008 iudicialiter

293 1025 486 1079 SedenS,
525 1026 781 1082 comperta
823 1022 898 1085 [in
936 1021 1139 1084 eadem]
1181 1022 1467 1082 publicauit.
1559 1021 1625 1066 Et
1669 1022 1858 1068 crimen
1898 1037 2011 1068 cum
2053 1024 2335 1083 Margareta

292 1089 471 1148 Tylere
495 1087 630 1133 dicto
661 1087 874 1148 Johanni
899 1086 1131 1147 Clyftone
1155 1086 1354 1140 obiecit,
1380 1085 1464 1146 qui
1487 1084 1610 1130 illud
1633 1086 1834 1145 negauit
1857 1089 1906 1132 et
1930 1086 1994 1132 de
2018 1087 2198 1133 eodem
2220 1102 2334 1134 cum

291 1153 474 1198 abbate
498 1153 547 1196 et
569 1151 676 1196 aliis
699 1150 858 1196 tribus
881 1150 1116 1196 fratribus
1140 1164 1193 1194 se
1217 1150 1460 1208 purgauit.

421 1215 664 1260 Dominus
697 1214 909 1260 iniunxit
940 1214 1110 1259 abbati
1143 1214 1194 1258 in
1228 1212 1410 1258 virtute
1442 1212 1740 1258 obediencie
1774 1213 1911 1274 quod
1949 1214 2141 1260 obstrui
2184 1214 2335 1261 faciat

290 1277 412 1323 illud
448 1278 629 1323 ostium
664 1277 800 1339 quod
834 1278 996 1337 aperit
1031 1291 1202 1322 versus
1237 1275 1502 1335 gardinum
1537 1276 1589 1321 in
1626 1276 1779 1323 borea
1814 1292 1844 1322 a
1880 1291 2078 1324 camera
2101 1277 2335 1339 Clyftone

291 1340 420 1386 infra
444 1355 678 1387 mensem.

418 1404 598 1450 Omnia
634 1403 833 1451 detecta
869 1404 933 1450 de
972 1402 1239 1462 Radulpho
1276 1402 1505 1450 Carnelle
1540 1406 1794 1462 ponuntur
1829 1404 1880 1449 in
1915 1407 2148 1464 respectu
2180 1420 2334 1467 vsque

292 1467 425 1514 diem
452 1468 686 1514 Mercurii
710 1468 993 1528 proximum
1026 1470 1140 1526 post
1173 1466 1356 1512 festum
1392 1466 1627 1512 Omnium
1662 1467 1956 1514 Sanctorum
1991 1469 2210 1514 futurum
2240 1486 2250 1526 3
2285 1472 2336 1516 et

289 1532 563 1577 iniunctum
587 1534 662 1577 est
685 1531 850 1578 eidem
878 1530 1144 1590 Radulpho
1167 1532 1220 1575 vt
1256 1528 1407 1591 [citra
1428 1529 1639 1591 festum]
1679 1532 1837 1577 sancti
1873 1532 2136 1579 Michaelis
2169 1534 2334 1592 proui-

292 1595 407 1641 deat
431 1595 524 1640 sibi
551 1594 614 1641 de
637 1594 735 1641 alio
758 1595 872 1641 loco
897 1594 1121 1641 eiusdem
1144 1593 1223 1639 vel
1245 1594 1450 1639 arcioris
1474 1594 1666 1640 ordinis
1687 1594 1753 1640 ad
1786 1610 1935 1656 quem
1959 1611 2012 1642 se
2035 1595 2301 1642 transferat
2322 1613 2333 1643 z

288 1658 506 1720 alioquin
531 1658 763 1704 dominus
785 1657 1074 1718 prouidebit
1107 1671 1206 1719 quo
1237 1656 1575 1704 transferetur.
1645 1657 1835 1717 Quibus
1869 1659 1941 1705 sic
1974 1659 2172 1716 habitis,
2198 1660 2334 1706 salua

287 1724 535 1782 potestate
567 1721 786 1768 faciendi
819 1722 1160 1768 iniuncciones
1193 1723 1244 1767 et
1266 1721 1552 1780 corrigendi
1577 1721 1778 1768 detecta
1800 1721 1865 1769 de
1888 1722 2026 1769 dicto
2051 1722 2332 1784 Radulpho‚

290 1785 520 1832 dominus
543 1785 771 1833 dissoluit
793 1785 1137 1832 visitacionem
1160 1799 1314 1831 suam.

419 1950 551 2012 [Fol.
578 1950 638 1996 26
662 1949 861 2011 sched.]
935 1951 1063 1996 Item
1104 1952 1279 1996 contra
1317 1950 1625 1996 voluntatem
1665 1952 1920 2011 propriam
1958 1954 2010 1998 et
2053 1966 2133 1998 me
2176 1953 2334 1999 inuito

287 2016 452 2075 posuit
487 2029 567 2060 me
603 2014 668 2060 ad
705 2029 875 2061 curam
911 2013 1210 2060 seruandam
1247 2014 1298 2059 in
1333 2013 1449 2059 villa
1473 2013 1538 2060 de
1571 2014 1831 2072 Stodham,
1863 2017 1913 2061 et
1946 2018 2213 2077 postquam
2245 2030 2337 2077 per

287 2078 531 2140 quosdam
555 2078 707 2124 michi
730 2078 922 2124 emulos
945 2077 1134 2124 ibidem
1165 2092 1301 2123 eram
1335 2077 1616 2135 infamatus,
1642 2078 1795 2124 habui
1829 2080 2188 2138 purgacionem
2221 2094 2334 2126 cum

290 2142 543 2188 sexdecim
567 2142 810 2187 manibus.

416 2206 542 2251 Item
565 2205 786 2251 secunda
809 2204 1103 2265 septimana²
1125 2204 1507 2266 quadragesime
1531 2219 1610 2251 me
1643 2206 1938 2265 grauissime
1960 2206 2245 2253 verberauit
2278 2207 2331 2252 in

286 2269 414 2315 facie
438 2283 551 2314 cum
575 2284 724 2314 manu
747 2271 796 2314 et
819 2270 870 2314 in
893 2269 1058 2328 capite
1082 2271 1195 2314 cum
1219 2269 1398 2315 baculo
1417 2268 1481 2314 ad
1506 2270 1758 2328 sanguinis
1783 2268 2093 2326 effusionem,
2113 2273 2163 2317 et
2186 2273 2334 2318 nocte

286 2333 369 2378 illa
392 2348 471 2378 me
494 2332 821 2379 incarcerauit
843 2333 894 2378 in
918 2332 1134 2394 quadam
1158 2347 1355 2378 camera
1378 2333 1567 2395 absque
1590 2347 1719 2392 pane
1744 2336 1792 2379 et
1815 2336 1951 2392 potu.

415 2397 541 2442 Item
565 2399 712 2442 noete
736 2396 966 2458 quadam,
993 2411 1106 2442 eum
1130 2410 1266 2442 eram
1300 2397 1546 2443 transiens
1569 2396 1634 2442 ad
1658 2396 1863 2442 domum
1887 2398 1971 2443 vbi
1995 2400 2101 2444 erat
2124 2398 2334 2444 seruicia

285 2460 472 2505 venalis
513 2475 625 2506 cum
664 2459 852 2506 famulo
893 2475 972 2506 me
1012 2462 1265 2521 sequente,
1306 2463 1538 2519 portante
1582 2460 1815 2506 baculum
1859 2462 1910 2506 in
1955 2477 2106 2507 manu
2149 2464 2198 2507 et
2243 2477 2332 2522 par

287 2523 596 2569 cultellorum
633 2523 698 2569 ad
733 2538 924 2579 zonam,
950 2523 1115 2569 subito
1151 2525 1398 2570 irruerunt
1434 2525 1483 2570 in
1521 2538 1601 2570 me
1637 2539 1725 2570 sex
1761 2527 1810 2570 et
1846 2525 2230 2572 vulnerauerunt
2252 2540 2333 2572 me

286 2588 425 2648 quasi
469 2587 534 2632 ad
578 2590 790 2633 mortem
836 2590 885 2633 et
928 2586 1167 2632 famulum
1213 2602 1378 2633 meum
1421 2588 1811 2634 verberauerunt
1864 2589 2167 2647 grauissime.
2271 2589 2329 2634 In

286 2651 503 2696 crastino
527 2651 659 2696 misit
683 2651 919 2710 magister
937 2665 1076 2696 meus
1098 2653 1213 2709 post
1235 2665 1316 2697 me
1338 2666 1452 2697 cum
1476 2651 1764 2697 hominibus
1787 2652 1887 2697 suis
1910 2652 2040 2698 bene
2062 2652 2264 2698 armatis
2283 2655 2332 2698 et

287 2728 366 2759 me
389 2714 576 2775 absque
600 2714 954 2771 misericordia,
981 2715 1260 2774 postposita
1283 2715 1574 2760 omnimoda
1607 2715 1980 2771 beneuolencia,
2005 2716 2332 2762 incarcerauit

286 2777 493 2823 vinculis
517 2780 567 2823 et
589 2777 706 2823 ferri
730 2777 955 2837 pondere
977 2778 1150 2837 ligauit
1171 2778 1346 2836 viginti
1370 2778 1547 2824 diebus
1569 2795 1578 2834 3
1615 2781 1663 2824 et
1687 2779 1737 2823 in
1761 2778 1856 2824 illis
1880 2779 2056 2825 diebus
2079 2793 2332 2840 nunquam

289 2840 439 2886 habui
473 2841 655 2886 bonam
684 2841 1032 2896 refeecionem‚
1059 2841 1211 2887 sextis
1234 2841 1372 2887 feriis
1396 2843 1446 2887 in
1470 2856 1600 2901 pane
1625 2845 1674 2887 et
1697 2857 1826 2903 aqua
1848 2843 2054 2902 positus,
2079 2857 2332 2904 nunquam

289 2904 382 2948 nisi
406 2905 558 2949 semel
582 2919 732 2951 rasus,
802 2906 943 2951 Bona
976 2919 1074 2967 que
1108 2905 1258 2950 habui
1293 2920 1383 2964 per
1417 2905 1579 2964 ipsum
1613 2908 1662 2951 et
1687 2920 1802 2951 suos
1825 2907 1981 2962 amisi,
2006 2910 2056 2952 et
2079 2920 2331 2967 nunquam

286 2967 441 3012 voluit
476 2982 556 3013 me
593 2969 727 3014 exire
764 2970 858 3014 nisi
895 2969 1010 3030 quia
1046 2969 1272 3015 concessi
1310 2969 1404 3014 sibi
1440 2968 1578 3030 quod
1615 2970 1802 3015 exirem
1841 2969 2059 3015 domum.
2143 2969 2210 3015 Et
2233 2969 2330 3014 hoc

289 3031 502 3076 maxime
537 3030 739 3077 affectat
775 3035 824 3078 et
860 3033 954 3077 ista
990 3032 1159 3078 omnia
1195 3032 1414 3078 sustineo
1451 3033 1567 3093 quia
1603 3033 1716 3077 steti
1754 3035 1927 3078 contra
1968 3032 2099 3078 eum⁸
2135 3033 2186 3078 in
2227 3033 2331 3078 eius

288 3094 553 3140 eleccione.
620 3095 766 3140 Vnde
798 3096 1012 3155 pedibus
1045 3098 1208 3142 vestre
1243 3096 1517 3141 sanctitatis
1551 3095 1804 3141 humiliter
1837 3096 2143 3155 prouolutuS,
2167 3099 2331 3142 vestre

288 3158 561 3202 sanctitatis
607 3172 759 3204 exoro
805 3159 1130 3205 clemenciam
1175 3159 1406 3220 quatinus
1451 3160 1556 3205 eius
1601 3158 1947 3204 crudelitatem
1992 3173 2112 3218 erga
2155 3173 2236 3206 me
2280 3162 2331 3205 et

288 3223 482 3265 ceteros
504 3220 681 3266 fratres
705 3237 819 3268 suos
844 3237 1165 3282 compescere
1189 3222 1462 3282 dignemini
1498 3225 1546 3268 et
1579 3222 1702 3267 mihi
1735 3223 1954 3280 graciam
1988 3223 2180 3269 velletis
2213 3237 2329 3269 con-

289 3283 469 3329 cedere
508 3284 725 3330 studium
769 3286 999 3333 adeundi.
1093 3285 1392 3332 Interfectus
1435 3289 1542 3332 erat
1585 3285 1691 3331 fere
1736 3300 1849 3331 cum
1893 3301 1992 3332 vno
2037 3287 2236 3333 nouicio
2281 3289 2330 3332 et

288 3346 532 3392 violencia
567 3351 671 3392 erat
706 3348 840 3394 illata
875 3364 936 3395 ex
972 3352 1112 3409 parte
1148 3351 1414 3409 vtriusque.
1494 3349 1662 3395 Habui
1698 3352 1911 3410 quatuor
1945 3364 2104 3396 annos
2138 3350 2189 3396 in
2225 3350 2330 3396 iure

390 3456 403 3480 ²
432 3457 508 3495 Sic.

388 3507 405 3531 2
429 3521 538 3558 quag
559 3509 773 3549 cancelled.

388 3558 404 3583 ³
431 3566 468 3597 et
485 3561 699 3600 cancelled.

391 3650 405 3674 ¹
433 3649 655 3701 Clyftone's
680 3652 865 3690 chamber
890 3667 968 3691 was
995 3655 1186 3706 probably
1205 3665 1244 3693 at
1272 3656 1340 3695 the
1366 3656 1484 3694 north
1503 3655 1579 3694 end
1599 3656 1642 3694 of
1665 3656 1733 3694 the
1754 3663 1847 3695 west
1867 3668 1990 3705 range
2009 3655 2051 3694 of
2075 3655 2142 3694 the
2160 3654 2331 3703 cloister‚

287 3712 328 3740 to
344 3701 639 3791 juggelggvthiis
659 3702 915 3772 description.

387 3803 403 3828 ³
431 3763 529 3861 'I‘his
548 3764 932 3843 cdrigssdocument
951 3806 981 3844 is
999 3806 1131 3856 Ralph
1149 3807 1395 3847 Charnelle’s
1413 3822 1499 3847 own
1515 3809 1739 3859 deposition
1759 3809 1976 3859 regarding
1995 3810 2055 3848 his
2073 3809 2329 3847 missortunes

286 3867 326 3896 at
346 3855 651 3908 Stadnampton.
718 3855 754 3894 It
772 3856 805 3894 is
823 3869 874 3896 on
893 3870 915 3894 a
933 3869 1111 3910 separate
1129 3859 1242 3899 sheet
1259 3860 1298 3899 in
1319 3861 1386 3900 the
1404 3873 1512 3900 same
1530 3861 1639 3914 large
1658 3861 1763 3901 hand
1783 3861 1823 3898 in
1843 3861 1970 3902 which
1990 3861 2058 3901 the
2077 3871 2327 3913 anonymous
