2488 4296
305 411 418 483 183
612 400 614 404 ⁷
761 408 1251 466 ALNWICK'S
1333 409 1902 467 VISITATIONS

303 566 525 612 secundo
562 568 611 611 et
647 566 803 611 tercio
840 566 1177 624 peremptorie
1213 565 1350 626 quod
1387 567 1553 611 omnia
1591 568 1640 612 et
1673 567 1866 625 singula
1900 568 2140 626 premissa
2163 568 2351 613 iniunc-

302 631 474 675 ciones
510 632 559 674 et
596 629 830 673 mandata
867 631 1049 682 nostra,
1075 632 1223 687 prout
1258 643 1347 674 vos
1383 632 1431 674 et
1468 629 1741 690 quemlibet
1774 632 1993 675 vestrum
2027 634 2349 687 concernunt,

301 692 654 738 inuiolabiliter
677 692 955 737 obseruetis
978 709 986 746 ;
1020 692 1257 752 quodque
1281 693 1442 737 nullus
1459 696 1679 738 vestrum
1703 692 1767 738 de
1791 695 2043 738 conuentu
2067 694 2351 740 huiusmodi

300 755 659 809 corrodiorum,
701 755 1076 810 liberacionum,
1118 756 1416 826 pensionum
1455 759 1539 801 aut
1577 755 1919 801 annuatatum1
1957 756 2053 801 seu2
2091 771 2350 802 nemorum

302 818 586 863 huiusmodi
645 818 944 874 vendicioni,
1003 819 1330 874 concessioni,
1389 819 1654 864 succisioni
1712 823 1796 864 aut
1853 820 2198 878 prostracioni,
2258 821 2350 865 nisi

302 882 543 941 premissa
598 881 760 926 sonna
803 882 1014 952 penitus
1070 884 1278 936 seruata,
1322 855 1613 927 consenciat
1663 883 1840 943 quouis
1886 883 2039 928 modo
2085 883 2176 928 sub
2221 898 2350 943 pena

301 946 840 991 excommunicacionis
886 945 1099 1000 maioris,
1147 959 1295 1005 quam
1341 946 1390 989 in
1436 946 1711 1003 singulares
1749 949 1976 1005 personas
2013 949 2214 1002 vestias,
2256 946 2351 991 hiis

301 1009 682 1063 monicionibus,
703 1008 952 1053 mandatis
977 1011 1025 1053 et
1049 982 1449 1053 iniunccionibus
1473 1008 1672 1054 nostris8
1690 1023 1789 1054 non
1814 1011 2117 1080 parencium,
2138 1010 2350 1055 intendi-

301 1087 409 1116 mus
445 1072 722 1116 fulminare.
810 1072 866 1116 In
892 1072 1030 1116 cuius
1055 1072 1123 1116 rei
1150 1073 1504 1126 testimonium,
1531 1074 1623 1117 etc.
1695 1072 1824 1118 Data
1859 1073 1910 1117 in
1947 1075 2249 1119 monasterio
2287 1073 2351 1118 de

302 1135 647 1190 Osoluestone,
674 1135 774 1194 xxij
801 1135 883 1180 die
908 1135 1093 1180 mensis
1119 1135 1435 1192 Nouembris,
1461 1149 1592 1180 anno
1630 1135 1832 1181 Domini
1867 1137 2112 1182 mccccxl⁰
2136 1140 2350 1182 nostrar-

300 1213 483 1259 umque
508 1198 941 1244 consecracionis.⁴

418 1322 726 1367 MANDATUM
763 1334 831 1366 AD
870 1333 1236 1367 RECIPIENDUM
1274 1334 1581 1368 CANONICUM
1617 1335 1685 1367 AD
1722 1335 1916 1368 DoMIIM
1954 1335 2231 1369 PROPRIAM.

1063 1404 1213 1465 [Reg.
1240 1417 1385 1460 XVIII,
1413 1405 1479 1450 fo.
1501 1404 1589 1466 43]

426 1508 722 1562 Willelmus,
762 1509 1090 1567 permissione
1131 1508 1301 1553 diuina
1343 1508 1707 1554 Lincolniensis
1747 1509 2027 1568 episcopus,
2069 1508 2255 1555 dilecto
2294 1510 2345 1555 in

298 1571 498 1616 Christo
523 1571 625 1616 filio
650 1573 803 1630 priori
838 1572 1085 1630 prioratus
1123 1571 1186 1617 de
1226 1571 1413 1627 Landa,
1440 1572 1635 1617 ordine⁵
1668 1573 1827 1617 sancti
1863 1571 2140 1631 Augustini,
2176 1576 2346 1619 nostre

297 1635 513 1680 diocesis
562 1635 939 1689 Lincolniensis,
982 1636 1205 1690 salutem,
1247 1636 1467 1694 graciam
1507 1638 1556 1681 et
1595 1635 2054 1681 benediccionem.'
2120 1636 2344 1682 Fratrem

297 1698 575 1758 Johannem
616 1698 814 1754 Dalton,
852 1702 1071 1744 vestrum
1108 1702 1158 1744 et
1195 1699 1316 1744 dicti
1353 1699 1503 1744 vestri
1540 1700 1788 1758 prioratus
1824 1700 2119 1745 canonicum
2154 1703 2203 1745 et
2227 1714 2342 1745 con-

297 1761 514 1817 fratrem,
573 1776 722 1822 quem
789 1763 838 1807 in
894 1761 1167 1821 apostosia⁶
1215 1765 1263 1808 et
1319 1763 1369 1807 in
1425 1763 1635 1808 seculari
1691 1762 1866 1807 habitu
1921 1762 2346 1822 deprehendimus

296 1825 628 1881 incedentem,
676 1826 819 1870 vobis
863 1840 959 1871 vna
1004 1841 1116 1871 cum
1162 1826 1479 1885 presentibus
1523 1826 1834 1881 remittimus,
1881 1827 2024 1872 vobis
2068 1827 2118 1871 in
2164 1827 2344 1872 virtute

296 1888 594 1934 obediencie
639 1891 688 1935 et
733 1889 826 1934 sub
870 1904 1001 1948 pena
1051 1892 1369 1949 contemptus
1425 1888 1631 1935 firmiter
1686 1889 1995 1948 iniungendo
2050 1890 2345 1936 mandantes

295 1953 527 2012 quatinus
550 1953 713 2011 ipsum
737 1952 940 1998 fratrem
965 1952 1243 2013 Johannem
1267 1956 1504 2014 tanquam
1529 1953 1824 1998 canonicum
1850 1956 2065 1998 vestrum
2093 1954 2345 2012 recipiatis

293 2019 342 2060 et
377 2016 651 2060 secundum
689 2016 933 2075 regularia
968 2019 1132 2062 vestra
1167 2016 1403 2072 instituta,
1429 2019 1638 2075 paterna
1671 2019 1840 2062 tamen
1877 2017 2258 2063 mansuetudine
2294 2020 2344 2062 et

294 2079 500 2124 caritate
523 2079 755 2135 fraterna,
780 2080 1004 2125 tractetis
1029 2080 1258 2136 eundem,
1285 2080 1449 2126 oleum
1485 2080 1826 2126 misericordie
1862 2095 1976 2126 cum
2009 2081 2126 2126 vino
2150 2095 2341 2127 correc-

293 2142 451 2187 cionis
487 2143 652 2188 taliter
688 2144 1044 2188 immiscentes⁷
1081 2146 1131 2188 vt
1167 2143 1249 2189 ille
1286 2143 1502 2202 gaudeat
1539 2144 1603 2189 de
1640 2143 1858 2190 redditu⁸
1894 2158 1983 2189 suo
2022 2144 2087 2189 ad
2127 2143 2344 2190 causam⁹

295 2205 599 2251 dominicam
638 2209 686 2252 et
721 2221 811 2252 vos
840 2206 903 2252 de
927 2206 1029 2252 filio
1054 2215 1219 2253 vestro
1242 2208 1325 2269 qui
1349 2207 1565 2267 perierat
1588 2210 1638 2253 et
1661 2208 1759 2253 iam
1783 2208 2013 2253 inventus
2037 2205 2163 2253 est.¹⁰
2213 2208 2343 2254 Data

293 2269 385 2313 sub
410 2270 573 2328 sigillo
599 2273 782 2316 nostro.

1169 2414 1471 2472 XXXIX.

1188 2522 1303 2584 [Eo.
1342 2522 1447 2584 68]

293 2625 559 2671 VlsITACIO
595 2638 881 2672 PRIORATUS
917 2638 985 2670 DE
1024 2626 1616 2682 LEGBURN,0RD1N1s
1649 2624 2053 2682 CISTERciENSIS,
2083 2627 2340 2673 LINCOLN-

489 2702 656 2734 IENSIS
692 2702 940 2746 DIOCESIS,
979 2702 1138 2735 FACTA
1163 2702 1217 2734 IN
1243 2702 1394 2736 DOMo
1420 2702 1728 2735 CAPITULARI
1755 2702 1989 2736 EIUSDEM
2024 2702 2215 2736 TERCIO
2251 2703 2341 2736 DIE

484 2765 672 2798 MENsIs
705 2753 856 2814 JIJLIJ,
893 2765 1034 2799 ANNo
1071 2753 1276 2799 DOMINI
1313 2759 1588 2809 MCCCCXL0,
1627 2766 1726 2798 PER
1759 2766 2137 2799 VENERABILEM
2173 2766 2340 2799 VIRUM

485 2829 791 2862 MAGISTRUM
850 2816 1139 2877 JOHANNEM
1210 2817 1447 2873 DEPYNG,
1506 2829 1814 2863 CANONICUM
1886 2817 2339 2874 LINCOLNIENSEM,

487 2892 793 2925 REUERENDI
836 2892 889 2924 IN
942 2880 1173 2926 CHRISTO
1215 2892 1391 2925 PATRIS
1433 2893 1496 2926 ET
1537 2893 1745 2936 DOMINI,
1789 2893 1982 2927 DoMINI
2034 2881 2339 2936 WVILLELMI,

487 2943 588 2988 DEI
625 2955 813 2989 GRACIA
840 2943 1250 2989 LINcoLNIENSIs
1275 2955 1521 2999 EPIscom,
1549 2956 1944 2990 COMMISSARIUM
1972 2957 2026 2990 IN
2053 2957 2154 2990 HAc
2179 2956 2341 2990 PARTE

484 3019 821 3052 SPEClALITER
857 3019 1190 3053 DEPUTATUM.

421 3109 478 3154 In
516 3110 702 3168 primis,
741 3109 950 3155 sedente
988 3109 1125 3155 dicto
1163 3109 1370 3155 domino
1406 3111 1749 3156 commissario
1785 3111 1836 3155 in
1871 3110 2004 3156 dicte
2038 3111 2342 3157 visitacionis

292 3173 504 3230 negocio
543 3173 691 3218 dictis
729 3173 826 3226 die,
852 3187 984 3218 anno
1022 3176 1070 3219 et
1106 3173 1233 3230 loco,
1259 3176 1647 3232 comparuerunt
1670 3174 1999 3233 personaliter
2023 3175 2259 3234 priorissa
2293 3177 2342 3220 et

291 3239 568 3281 conuentus
593 3236 714 3282 dicti
738 3237 834 3282 loci
858 3236 923 3282 ad
947 3237 1291 3282 visitacionem
1309 3236 1593 3282 huiusmodi
1612 3237 1923 3283 subeundam
1942 3240 1993 3282 vt
2011 3238 2339 3299 subsequitur,

291 3299 383 3343 sub
407 3298 568 3344 forma
592 3298 908 3358 infrascripta
931 3299 1154 3355 vocati¹¹;
1191 3303 1239 3346 et
1259 3299 1444 3346 deinde
1463 3301 1626 3359 primo
1645 3303 1693 3347 et
1710 3303 1826 3346 ante
1844 3302 2012 3346 omnia
2028 3301 2341 3361 propositum

290 3361 383 3407 fuit
422 3363 630 3408 verbum
657 3363 751 3408 Dei
776 3377 864 3421 per
890 3363 1237 3409 honorabilem
1261 3363 1419 3409 virum
1445 3364 1735 3423 magistrum
1757 3364 2007 3410 Thomam
2046 3363 2266 3420 Duffeld,
2290 3365 2341 3410 in

392 3475 404 3498 ¹
434 3474 513 3512 Sic.

393 3525 410 3548 2
438 3525 655 3563 Interlined
674 3526 798 3564 above
818 3528 922 3563 vend
937 3527 1120 3565 followed
1139 3528 1190 3576 by
1209 3533 1281 3564 aut
1299 3540 1382 3571 uer,
1401 3528 1455 3566 all
1474 3528 1689 3565 cancelled.

391 3578 406 3601 8

388 3629 403 3652 ⁴
429 3577 707 3675 'pl'hceariffigtngciv
725 3634 762 3664 et
781 3628 1058 3666 translacionis
1076 3629 1231 3679 quinto)
1253 3630 1323 3667 has
1341 3635 1411 3667 not
1429 3630 1528 3668 been
1550 3630 1685 3668 filled
1675 3641 1715 3667 In
1735 3630 1774 3667 in
1795 3630 1861 3668 the
1878 3630 2057 3681 original.

392 3679 405 3702 ⁵
433 3678 523 3716 Sic:
553 3679 611 3716 for
637 3678 803 3716 ordinis.

393 3730 408 3754 ⁶
437 3729 524 3767 Sic:
555 3731 613 3767 for
640 3729 844 3778 apostasia.

393 3781 408 3805 ⁷
437 3783 512 3819 See
541 3781 599 3819 St.
623 3781 734 3818 Luke
754 3791 797 3825 x,
817 3791 879 3829 34.

390 3832 406 3857 8
434 3832 526 3870 Sic:
557 3831 615 3869 for
645 3831 788 3873 reditu.
