2476 4412
275 429 356 486 28
723 421 1212 484 ALNWICK'S
1295 422 1858 481 VISITATIONS

278 585 398 631 dicti
421 584 722 643 monasterij,
747 596 809 628 ex
832 581 980 628 certis
1002 583 1170 626 tamen
1194 579 1354 625 causis
1377 593 1469 625 nos
1492 579 1811 625 mouentibus
1833 578 2150 638 indulgemus
2170 579 2316 626 vobis

275 651 328 693 vt
351 647 658 693 minuciones
692 648 882 691 vestras
905 643 1190 690 huiusmodi
1227 644 1363 688 iuxta
1399 642 1815 688 consuetudinem
1838 642 1993 701 ipsius
2026 643 2314 704 monasterij

274 710 409 770 apud
433 709 676 770 Sotherey
699 711 748 754 et
771 723 871 753 non
896 707 1014 752 alibi
1038 709 1178 752 extra
1200 706 1558 751 monasterium
1581 706 1807 762 teneatis,
1832 720 1990 767 vsque
2015 705 2134 750 dum
2168 706 2316 752 aliter

276 774 560 819 duxerimus
600 770 947 826 ordinandum,
989 769 1218 829 predicta
1257 772 1427 815 nostra
1470 769 1790 814 iniunccione
1833 772 1918 814 aut
1962 783 2093 828 pena
2146 769 2314 815 eidem

274 837 471 882 adiecta
507 850 606 881 non
644 835 903 887 obstante;
940 830 1236 878 dommodo1
1258 835 1464 889 tantum,
1492 831 1674 878 dilecte
1696 830 1806 891 filij1
1829 832 1999 888 abbas,
2025 832 2313 878 huiusmodi

274 899 640 944 minucionibus
677 911 790 943 cum
818 896 1152 943 confratribus
1174 895 1272 941 tuis
1295 896 1609 954 presenciam
1631 898 1767 940 tuam
1792 895 2080 941 continuam
2106 894 2317 942 exibias1

274 966 324 1008 et
346 962 412 1007 ad
437 976 608 1007 eorum
631 961 855 1019 regimen
879 959 1078 1006 oculum
1102 959 1289 1004 habeas
1314 958 1620 1018 diligentem,
1647 962 1696 1004 et
1719 958 1857 1020 quod
1881 972 2102 1018 expense
2125 959 2316 1005 ibidem

274 1028 500 1084 tempore
537 1024 876 1069 minucionum
911 1022 1078 1068 fiende
1114 1036 1361 1081 expensas
1396 1036 1494 1083 que
1531 1021 1679 1067 simili
1722 1022 1875 1067 modo
1898 1022 2032 1068 facte
2065 1022 2232 1068 forent
2264 1023 2316 1068 in

274 1088 576 1134 monasterio
600 1101 699 1132 non
723 1086 972 1143 exedant,²
995 1085 1232 1147 quodque
1255 1100 1367 1145 pax,
1394 1085 1667 1131 concordia
1690 1088 1740 1131 et
1762 1086 1925 1131 vnitas
1947 1086 2078 1131 inter
2100 1100 2189 1132 vos
2211 1089 2315 1132 tarn

273 1151 402 1197 infra
425 1151 779 1196 monasterium
803 1164 952 1210 quam
977 1152 1114 1195 extra
1138 1150 1343 1194 omnino
1368 1152 1640 1195 seruentur.

403 1214 710 1272 Iniungimus
746 1217 975 1272 preterea
1009 1212 1114 1268 tibi,
1154 1212 1338 1258 dilecte
1372 1211 1442 1257 fili
1478 1212 1629 1271 prior,
1654 1213 1705 1257 in
1728 1212 1910 1258 virtute
1933 1211 2232 1259 obediencie
2264 1215 2316 1259 et

272 1277 363 1322 sub
386 1291 516 1336 pena
534 1276 1084 1332 excommunicacioniS,
1104 1289 1253 1336 quam
1272 1290 1373 1321 non
1395 1276 1628 1322 inmerito
1647 1276 1853 1335 poteris²
1866 1275 2140 1322 formidare
2157 1277 2198 1322 si
2213 1290 2316 1322 non

271 1339 451 1386 feceris
486 1339 623 1400 quod
659 1339 967 1395 mandamus,
1005 1341 1058 1384 vt
1093 1340 1133 1384 si
1170 1353 1267 1400 que
1304 1339 1660 1393 dissenciones,
1698 1339 2072 1396 contemtiones,
2098 1341 2204 1386 rixe
2235 1339 2316 1386 vel

268 1402 519 1449 discordie
558 1403 687 1448 inter
724 1403 880 1461 ipsius
919 1403 1206 1462 monasterij
1250 1402 1528 1449 confratres
1574 1402 1811 1449 decetero
1857 1402 2126 1448 orrianturl
2165 1403 2315 1449 nobis

270 1467 582 1527 quamtocius
620 1465 684 1511 de
720 1466 840 1525 ipsis
878 1468 928 1511 et
964 1480 1134 1511 earum
1169 1466 1426 1512 autoribus
1464 1480 1738 1528 eorumque
1761 1466 2093 1526 complicibus
2124 1466 2317 1528 absque

270 1530 432 1575 omnis
455 1543 595 1575 more
619 1527 829 1588 diffugio
853 1529 1082 1575 intimare
1106 1531 1155 1575 et
1179 1528 1437 1575 notificare
1460 1544 1562 1575 non
1586 1531 1801 1576 omittas,

397 1593 629 1639 Ceterum
667 1594 782 1653 quia
819 1607 910 1638 nos
946 1606 1104 1652 nuper
1142 1593 1192 1637 in
1230 1592 1367 1638 dicto
1403 1594 1708 1640 monasterio
1748 1594 2020 1640 existentes
2058 1596 2122 1650 te,
2161 1592 2315 1640 frater

270 1655 467 1701 Thoma
504 1656 735 1712 Bartone,
777 1671 806 1701 a
842 1656 1078 1702 carcerali
1118 1657 1347 1702 custodia
1385 1671 1483 1717 qua
1527 1657 1594 1703 ob
1638 1660 1724 1703 tua
1768 1654 2020 1702 dimerital
2063 1657 2316 1704 tenebaris

270 1719 588 1765 absoluentes
611 1719 951 1765 ordinauimus
975 1722 1025 1765 et
1049 1719 1140 1764 tibi
1165 1719 1436 1766 districtius
1460 1721 1835 1767 iniunxerimus¹
1858 1719 1997 1782 quod
2021 1723 2164 1780 septa
2187 1720 2314 1768 dicti

272 1783 556 1842 monasterij
596 1783 861 1828 nullatinus
899 1783 1071 1839 exi1·eS‚
1099 1797 1191 1828 nec
1230 1798 1343 1828 cum
1375 1798 1625 1845 quaquam
1647 1784 1727 1830 vel
1752 1785 1816 1831 de
1839 1799 1893 1830 re
1917 1798 2232 1846 quacumque
2262 1787 2315 1831 te

271 1846 639 1902 intromitteres,
677 1849 752 1892 set
788 1846 852 1892 de
889 1846 1173 1892 huiusmodi
1209 1846 1514 1893 liberacione
1550 1851 1815 1894 contentus
1852 1851 1995 1908 septa
2028 1847 2315 1894 huiusmodi

271 1923 495 1955 seruares
518 1912 567 1955 et
591 1924 703 1955 cum
727 1909 880 1955 fratre
904 1909 1159 1955 Willelmo
1181 1910 1383 1969 Burghe
1402 1912 1451 1956 in
1471 1910 1742 1958 infirmaria
1760 1910 2070 1958 refecciones
2094 1926 2316 1958 sumeres

270 1972 600 2034 quotidianas,
625 1973 716 2018 tibi
740 1973 889 2032 igitur
913 1973 1004 2018 sub
1028 1987 1159 2032 pena
1182 1975 1526 2020 reintrusionis
1549 1976 1620 2020 tui
1644 1976 1695 2020 in
1720 1975 2002 2022 custodiam
2026 1974 2314 2021 huiusmodi

271 2036 571 2082 carceralem
608 2035 813 2082 firmiter
849 2037 1150 2095 iniungimus
1188 2040 1237 2083 et
1272 2038 1569 2083 ‘mandamus
1605 2042 1657 2084 vt
1695 2039 1826 2085 hanc
1862 2042 2084 2084 nostram
2115 2039 2313 2085 ordina-

271 2099 469 2145 cionem
491 2099 843 2145 inuiolabiliter
866 2101 1118 2157 obserues,
1144 2101 1208 2146 ab
1232 2101 1337 2146 eius
1360 2101 1527 2163 aliqua
1550 2105 1692 2161 parte
1715 2103 1983 2148 nullatinus
2007 2102 2291 2149 resiliendo.

399 2162 530 2208 Data
552 2163 644 2208 sub
681 2163 843 2222 sigillo
868 2166 1053 2221 nostro,
1080 2167 1190 2220 etc„
1219 2163 1284 2210 de
1322 2165 1613 2211 Nettelham
1649 2167 1813 2226 primo
1837 2166 1920 2213 die
1955 2165 2155 2226 Aprilis,
2180 2180 2313 2212 anno

272 2225 474 2271 Domini
512 2226 748 2284 mccccxl‚
774 2229 1154 2289 nostrarumque
1192 2229 1593 2275 consecracionis
1615 2243 1748 2276 anno
1771 2230 1856 2290 xiij
1883 2233 1934 2277 et
1965 2229 2314 2276 translacionis

270 2292 462 2350 quarto.

1232 2452 1344 2511 IV.

1021 2591 1551 2663 [BARDENEY]

1164 2706 1280 2769 [F0·
1322 2707 1406 2769 17]

394 2827 611 2874 Sedente
657 2828 863 2875 domino
907 2844 1001 2889 pro
1045 2831 1280 2877 tribunali
1324 2833 1376 2878 in
1422 2832 1576 2879 domo
1615 2834 1875 2893 capitulari
1916 2836 2203 2897 monasterij
2246 2835 2311 2883 de

269 2890 544 2952 Bardeney,
569 2892 760 2938 ordinis
793 2894 952 2939 sancti
988 2894 1265 2951 Benedicti,
1294 2895 1659 2942 Lincolniensis
1691 2897 1920 2955 diocesis,
1945 2900 1992 2959 vj
2020 2899 2102 2945 die
2125 2901 2311 2946 mensis

267 2954 513 3012 Octobris,
539 2958 670 3001 anno
697 2956 900 3002 Domini
924 2958 1161 3015 mccccxl,
1182 2962 1571 3018 comparuerunt
1594 2975 1764 3006 coram
1787 2976 1848 3007 eo
1870 2963 1992 3021 ipsis
2017 2962 2099 3009 die
2123 2965 2173 3009 et
2195 2963 2310 3010 loco

263 3017 420 3063 abbas
443 3021 493 3064 et
516 3019 695 3078 singuli
720 3019 954 3066 monachi
977 3024 1146 3080 preter
1169 3022 1503 3083 Elkyngtone,
1523 3024 1608 3085 qui
1627 3027 1702 3069 est
1720 3024 1936 3071 diocesis
1957 3026 2306 3085 Eboracensis‚

264 3083 313 3126 et
354 3081 607 3140 Lincolne,
645 3083 730 3144 qui
771 3086 846 3129 est
887 3084 1160 3142 Lincolnie,
1203 3088 1254 3132 et
1294 3086 1573 3148 Bekeryng,
1605 3088 1690 3148 qui
1729 3088 1827 3134 isto
1866 3089 1949 3134 die
1987 3090 2078 3135 iuit
2115 3091 2310 3137 visurus

364 3191 378 3215 ²
407 3194 486 3231 Sic.

359 3242 376 3266 2
402 3242 502 3281 This
519 3257 685 3294 appears
703 3252 745 3283 to
765 3246 812 3283 be
833 3247 900 3284 the
919 3246 1028 3295 right
1049 3248 1166 3286 word.
1224 3248 1261 3286 It
1280 3249 1311 3287 is
1329 3249 1485 3288 written
1511 3250 1748 3301 incorrectly
1758 3255 1863 3303 pccis
1882 3265 1926 3291 or
1937 3256 2051 3303 pleis.

357 3332 371 3355 ¹
398 3333 452 3370 At
482 3332 566 3371 first
598 3335 717 3384 sight,
737 3335 818 3373 this
848 3336 1090 3387 indulgence
1123 3352 1291 3390 appears
1324 3349 1366 3378 to
1400 3341 1503 3379 exile
1534 3341 1602 3379 the
1633 3343 1752 3380 abbot
1773 3343 1871 3380 from
1891 3344 1958 3383 the
1978 3356 2205 3396 monastery
2233 3347 2312 3384 and

257 3383 368 3441 place
388 3383 529 3442 himin
550 3397 780 3442 permanent
804 3387 948 3437 charge
969 3389 1010 3425 of
1029 3389 1095 3427 the
1114 3394 1122 3408 ⁴
1138 3403 1235 3440 seny
1259 3392 1371 3440 place
1390 3392 1397 3405 ‘
1417 3402 1457 3429 at
1478 3393 1692 3442 Southrey.
1766 3394 1879 3442 This,
1899 3395 2093 3440 however,
2113 3397 2310 3447 although

258 3435 318 3472 his
336 3435 540 3483 authority
559 3448 598 3472 in
619 3437 686 3474 the
706 3438 833 3487 abbey
853 3438 931 3476 had
951 3440 1048 3477 been
1070 3441 1260 3489 checked,
1279 3456 1350 3480 can
1370 3443 1513 3492 hardly
1534 3445 1580 3481 be
1602 3445 1669 3482 the
1689 3458 1791 3490 case,
1810 3447 1889 3483 and
1909 3447 1940 3483 it
1959 3448 2154 3498 probably
2173 3461 2311 3487 means

258 3486 344 3522 that
360 3486 510 3574 gieswas
530 3496 571 3523 to
590 3488 867 3576 gaybfrequent
887 3490 999 3527 visits
1017 3501 1059 3528 to
1079 3492 1139 3529 his
1159 3493 1344 3531 brethren
1366 3494 1514 3544 during
1532 3495 1637 3533 their
1654 3499 1824 3545 seynies.

434 3548 478 3573 ee
502 3550 539 3586 p.
569 3546 588 3573 2
646 3551 666 3574 a
698 3551 786 3576 ove.

359 3585 376 3610 3
403 3586 490 3624 The
517 3588 687 3636 original
715 3588 786 3626 has
813 3589 958 3640 simply
977 3592 1070 3630 dioc'
1090 3593 1216 3639 Ebor’,
1236 3594 1362 3632 which
1391 3609 1483 3647 may
1502 3597 1548 3635 be
1576 3597 1636 3635 for
1662 3599 1803 3637 diocesi
1827 3599 2059 3638 Eboracensi
2080 3601 2158 3639 and
2187 3614 2302 3640 mean

258 3636 343 3674 that
371 3637 625 3687 Elkyngtone
652 3652 728 3697 was
756 3641 893 3678 absent
921 3641 959 3678 in
988 3643 1055 3680 the
1082 3645 1238 3682 diocese
1258 3646 1300 3683 of
1325 3647 1446 3685 York.
1518 3647 1628 3695 This,
1650 3650 1844 3695 however,
1865 3651 1897 3688 is
1917 3663 2012 3701 very
2031 3665 2173 3701 vague,
2191 3663 2303 3702 apart

258 3687 357 3725 from
389 3688 455 3746 the
485 3698 756 3728 construction
790 3691 958 3729 without
987 3696 1045 3739 in,
1079 3696 1158 3732 and
1190 3697 1257 3733 the
1286 3698 1452 3747 reading
1481 3713 1523 3736 as
1552 3700 1670 3748 given
1700 3701 1792 3738 here
1823 3702 1856 3739 is
1887 3703 2078 3753 probably
2097 3703 2164 3741 the
2192 3704 2300 3753 right

256 3750 462 3777 extension
482 3740 524 3776 of
539 3740 605 3777 the
625 3741 777 3789 phrase.
836 3742 873 3779 lt
890 3756 982 3793 may
1000 3757 1112 3782 mean
1133 3759 1207 3784 one
1226 3748 1267 3785 of
1291 3757 1369 3786 two
1384 3749 1520 3799 things
1537 3763 1546 3786 ε
1577 3751 1631 3800 (1)
1651 3751 1738 3789 that
1758 3752 2016 3802 Elkyngtone
2036 3767 2116 3791 was
2136 3767 2158 3791 a
2177 3767 2300 3793 mem·

258 3789 324 3826 ber
355 3790 395 3826 of
423 3803 446 3826 a
477 3789 693 3829 Yorkshire
725 3792 982 3832 Benedictine
1010 3796 1133 3833 house
1162 3798 1250 3836 who
1278 3798 1357 3836 had
1393 3801 1494 3838 been
1522 3801 1724 3851 relegated
1751 3812 1792 3840 to
1822 3804 2008 3854 Bardney
2024 3805 2102 3842 and
2129 3805 2298 3844 claimed

257 3841 484 3890 exemption
504 3841 602 3879 from
622 3843 688 3880 the
710 3844 852 3894 bishop
871 3845 912 3881 of
938 3845 1139 3885 Lincoln's
1157 3849 1375 3888 visitation.
1453 3851 1499 3888 In
1527 3852 1605 3891 this
1632 3866 1733 3902 case,
1753 3855 1783 3891 it
1802 3868 1891 3907 may
1910 3856 1957 3893 be
1986 3856 2108 3894 noted
2135 3857 2221 3895 that
2248 3857 2298 3897 he

2462 187 2476 203 ,·
2459 157 2465 161 ·
2461 139 2472 146 κ
2422 0 2476 134 &132²AE
