2488 4296
314 442 432 497 140
750 409 1241 477 ALNWICK’s
1324 408 1909 477 V1s1TAT10NS.

313 579 409 625 hec
452 578 618 633 verba,
663 575 1022 631 ‘Reuerendo‚'
1064 577 1159 621 etc.
1248 576 1359 634 Quo
1403 575 1641 635 perlecto,
1682 576 1912 622 liberauit
1951 575 2087 621 idem
2127 575 2360 621 dominus

313 642 471 688 abbas
505 641 712 687 domino
748 639 1105 684 fundacionem
1142 638 1322 684 domus
1345 642 1408 698 'get
1445 640 1550 685 eius
1590 639 1788 698 copiam
1827 654 1982 698 penes
2021 640 2360 698 registrarium

315 705 516 751 dimisit.
587 705 764 750 Postea
787 702 1015 748 exhibuit
1039 701 1244 747 domino
1267 701 1709 748 confirmacionem
1733 702 2000 748 eleccionis
2023 717 2124 756 sue,
2149 701 2239 747 sed
2259 716 2360 748 non

315 768 710 814 installacionem
733 783 742 822 ;
779 768 829 811 et
861 768 1030 810 tamen
1064 765 1158 810 ista
1192 764 1416 810 exhibita
1438 779 1528 824 per
1551 766 1792 811 incuriam
1817 765 2044 811 custodie
2071 766 2211 826 quasi
2246 767 2361 824 sunt

315 829 567 890 corrupta¹
593 830 683 876 sed
706 828 1088 890 quomodolibet
1110 828 1483 886 intelligibiles.²
1550 828 1616 873 Et
1650 828 1768 874 ideo
1804 828 1958 874 habet
1994 829 2261 874 terminum
2294 827 2361 874 ad

315 893 603 940 faciendum
626 893 835 939 scrutari
859 892 1122 950 registrum
1157 905 1249 950 pro
1285 891 1428 937 titulo
1465 891 1531 936 ad
1570 890 1859 937 habendum
1898 891 2088 937 litteras
2123 892 2252 936 tituli
2286 891 2361 936 sui

315 957 622 1003 necessarias
646 957 770 1001 citra
793 956 1076 1014 proximum
1099 953 1282 999 festum
1309 954 1513 1010 Pasche,
1541 957 1590 1000 et
1613 957 1728 1014 post
1761 969 1945 1000 nonam
1979 954 2126 1000 huius
2162 954 2262 1000 diei
2296 953 2362 1000 ad

315 1019 658 1066 exhibendum
694 1018 1090 1064 installacionem
1126 1019 1176 1063 et
1211 1019 1394 1062 statum
1429 1018 1608 1063 domus
1631 1018 1737 1063 siue
1762 1018 2063 1063 monasterii.
2102 1046 2104 1048 -
2149 1018 2216 1063 Et
2248 1019 2364 1076 post

316 1082 412 1129 hec
455 1082 612 1128 abbas
657 1083 837 1127 iurauit
881 1080 1232 1126 obedienciam
1276 1081 1326 1125 in
1371 1080 1534 1126 forma
1558 1083 1832 1140 ssonsueta,
1880 1083 1929 1126 et
1974 1080 2161 1127 deinde
2205 1081 2363 1126 abbas

318 1146 627 1192 examinatus
661 1145 784 1191 dicit
808 1159 867 1190 ea
889 1158 985 1205 que
1009 1146 1295 1204 sequuntur.

446 1209 618 1255 Frater
656 1208 938 1254 Willeltnus
972 1207 1131 1259 West,
1157 1207 1328 1261 abbas,
1355 1206 1478 1252 dicit
1514 1206 1651 1268 quod
1687 1206 1866 1253 fratres
1901 1206 2186 1253 Willelmus
2224 1206 2360 1264 Kele,

314 1271 567 1332 Johannes
592 1272 724 1328 Clee,
750 1271 973 1316 Thomas
996 1270 1254 1326 Gretham,
1284 1269 1527 1315 Ricardus
1555 1270 1703 1316 Halle
1727 1273 1776 1316 et
1799 1270 2053 1332 Johannes
2076 1270 2359 1327 Gouxhille,

316 1335 550 1382 monachi
586 1335 778 1391 domus,
803 1334 1136 1393 apostatando
1160 1336 1474 1379 recesserunt
1496 1348 1525 1379 a
1548 1333 1713 1390 dorne,
1738 1348 1949 1395 quorum
1984 1334 2103 1381 Clee
2138 1336 2362 1380 mortuus

314 1401 389 1444 est
414 1401 463 1445 et
486 1398 755 1445 Gouxhille
779 1400 854 1443 est
878 1396 1132 1457 professus
1155 1397 1206 1442 in
1229 1410 1328 1442 vno
1353 1396 1585 1442 ordinum
1609 1397 2024 1443 mendicancium.

443 1462 824 1521 (Conspiracio.)
909 1461 1037 1506 Item
1083 1460 1205 1506 dicit
1244 1459 1382 1521 quod
1420 1460 1704 1506 Willelmus
1742 1460 1984 1521 Anderby
2021 1463 2070 1507 et
2108 1460 2362 1522 Johannes

315 1525 557 1586 &Vrauby‚
605 1524 854 1579 monachi,
902 1527 1016 1569 sunt
1059 1523 1470 1570 confederatores
1515 1526 1565 1569 et
1609 1523 2036 1570 confederatores⁸
2079 1524 2363 1570 adinuicem

316 1592 491 1634 contra
513 1589 765 1634 abbatem.
823 1587 1064 1647 Anderby
1081 1588 1312 1646 purgauit
1335 1601 1388 1633 se
1413 1586 1477 1633 de
1500 1588 1882 1647 conspiracione
1904 1602 2019 1633 cum
2046 1588 2328 1649 Fresshney
2350 1605 2360 1634 :

314 1651 542 1712 Wrauby
565 1653 796 1711 purgauit
820 1666 872 1697 se
897 1665 1010 1697 cum
1034 1651 1288 1711 Anderby.

444 1714 758 1776 (Anderby.⁴)
833 1715 960 1760 Item
985 1714 1122 1775 quod
1145 1715 1238 1760 iste
1267 1713 1498 1773 Wrauby⁵
1521 1714 1648 1759 dixit
1671 1714 1872 1774 publice
1906 1717 2173 1776 postquam
2205 1714 2363 1760 abbas

317 1781 576 1838 receperat
599 1779 890 1824 mandatum
915 1777 1106 1823 domini
1130 1792 1222 1837 pro
1244 1778 1550 1833 visitacione‚
1579 1778 1757 1835 ‘Ecce‚
1782 1779 1879 1824 iam
1904 1779 2061 1824 abbas
2084 1793 2186 1825 non
2209 1777 2363 1824 habet

314 1842 646 1888 intromittere
669 1857 713 1887 se
737 1842 802 1887 de
826 1840 938 1887 me.’

444 1904 729 1966 (Wrauby.)
799 1906 927 1951 Item
966 1905 1090 1951 dicit
1127 1903 1265 1966 quod
1306 1905 1532 1965 Wrauby
1568 1919 1670 1951 non
1705 1905 1936 1965 intelligit
1971 1920 2067 1951 nec
2098 1904 2363 1951 addiscere

314 1969 467 2015 velit.⁶
2338 1997 2340 1999 -

442 2031 728 2093 (Wrauby.)
818 2032 946 2077 Item
997 2031 1119 2077 dicit
1174 2031 1311 2093 quod
1367 2032 1595 2092 Wrauby
1649 2033 1949 2092 proteruiter
2003 2035 2055 2078 et
2109 2031 2361 2078 rebelliter

314 2096 655 2155 respondebat
699 2095 903 2151 abbati‚'¹
941 2110 1055 2141 cum
1094 2096 1258 2155 ipsum
1297 2096 1574 2154 corriperet
1610 2111 1670 2142 eo
1707 2096 1843 2157 quod
1880 2097 2156 2142 scandebat
2190 2098 2362 2155 portas

314 2159 557 2220 quasdam
580 2159 645 2205 ad
669 2158 1041 2218 respiciendum
1076 2158 1374 2204 fistulatores
1412 2163 1461 2204 et
1498 2159 1740 2205 ducentes
1777 2159 1986 2205 choreas
2025 2160 2075 2205 in
2115 2159 2360 2205 cimiterio

315 2223 527 2269 ecclesie
571 2221 903 2282 parochialis3
940 2224 990 2268 et
1024 2225 1099 2267 est
1132 2222 1431 2268 inobediens
1465 2224 1605 2283 quasi
1645 2223 1695 2268 in
1732 2224 1977 2279 omnibus,
2017 2223 2191 2269 dicens
2223 2221 2360 2284 quod

315 2301 568 2347 nunquam
609 2286 799 2332 subiret
833 2286 1209 2331 correccionem
1245 2285 1441 2331 abbatis
1476 2286 1527 2331 in
1562 2286 1826 2348 aliquibus.
1896 2287 2099 2332 Fatetur
2137 2286 2359 2332 Vltimam

313 2351 507 2408 partem
530 2349 723 2395 articuli
748 2351 798 2395 et
821 2349 1000 2394 iurauit
1024 2348 1089 2394 de
1112 2349 1403 2408 peragendo
1427 2350 1776 2408 penitenciam,
1802 2350 2013 2396 videlicet
2046 2350 2202 2412 quod⁸
2222 2351 2361 2409 petat

313 2413 509 2458 veniam
549 2414 613 2459 ab
652 2412 849 2468 abbate,
885 2412 1022 2473 quod
1062 2415 1111 2458 et
1150 2412 1284 2468 fecit,
1326 2415 1376 2458 et
1414 2413 1552 2473 quod
1592 2413 1727 2459 dicat
1765 2428 1916 2459 vnum
1956 2417 2255 2459 nocturnum
2295 2412 2360 2458 de

313 2476 551 2534 psalterio
576 2476 795 2522 danitico
819 2475 948 2521 infra
971 2476 1303 2534 septimanam
1325 2477 1606 2535 proximam
1629 2494 1637 2533 ;
1665 2479 1714 2522 et
1732 2491 1832 2538 quo
1849 2477 1914 2523 ad
1933 2478 2146 2536 primam
2164 2479 2359 2537 partem

313 2540 521 2596 articuli,
548 2539 745 2585 fatetur.

440 2602 701 2663 (Anderby
724 2620 732 2648 :
768 2601 980 2664 omnes.)
1062 2603 1190 2648 Item
1214 2602 1337 2648 dicit
1359 2602 1496 2664 quod
1519 2604 1730 2664 quilibet
1752 2605 2029 2650 monachus
2061 2604 2276 2664 percipit
2308 2604 2357 2649 in

311 2680 444 2711 anno
468 2666 532 2711 ad
555 2669 803 2712 vesturam
827 2667 929 2726 xvj⁸
951 2664 1073 2726 viijd,
1100 2669 1150 2711 et
1171 2669 1340 2712 tamen
1364 2665 1526 2712 nullus
1550 2681 1722 2712 eorum
1754 2668 1860 2713 vult
1893 2668 2161 2714 ostendere
2188 2667 2358 2713 abbati

311 2730 561 2787 peculium
586 2745 728 2775 suum
751 2729 919 2790 aliquo
942 2732 1170 2789 tempore
1193 2731 1309 2775 anni
1332 2746 1341 2775 :
1382 2729 1499 2776 ideo
1521 2731 1723 2776 timetur
1741 2731 1878 2792 quod
1896 2734 2010 2777 sunt
2027 2731 2358 2791 proprietarii,

311 2794 362 2837 et
384 2794 647 2852 presertim
670 2792 926 2853 Anderby.
983 2793 1225 2853 Anderby
1248 2793 1429 2838 iurauit
1453 2793 1517 2839 de
1541 2794 1858 2841 ostendendo
1881 2795 2052 2841 abbati
2071 2795 2207 2842 omni
2225 2808 2359 2840 anno

313 2856 563 2914 peculium
587 2871 743 2902 suum.

441 2919 682 2978 (Omnes.)
752 2920 879 2965 Item
914 2919 1036 2965 dicit
1069 2919 1219 2980 quod,
1256 2934 1370 2965 cum
1405 2920 1591 2967 sederit
1626 2921 1677 2966 in
1714 2921 1934 2981 capitulo
1969 2922 2035 2968 ad
2070 2920 2358 2968 faciendum

313 2983 671 3039 correcciones,
697 2983 748 3027 in
771 2985 964 3028 tantum
987 2988 1102 3028 sunt
1125 2983 1338 3029 rebelles
1361 2984 1499 3045 quod
1523 2998 1622 3030 non
1647 2985 1878 3031 subeunt⁹
1901 2985 2288 3042 correccionem‚
2309 2987 2359 3031 et

311 3047 478 3091 tantus
501 3048 576 3091 est
599 3045 867 3091 tumultus¹⁰
883 3046 1020 3107 quod
1039 3046 1287 3092 seculares
1305 3050 1515 3107 possunt
1533 3062 1619 3094 eos
1637 3062 1666 3093 a
1684 3049 1858 3107 procul
1876 3049 2051 3095 audire
2068 3051 2118 3095 et
2134 3048 2359 3094 iudicant

311 3111 579 3168 propterea
603 3123 689 3154 eos
712 3109 996 3155 adinuicem
1023 3111 1258 3156 rixantes.

440 3172 733 3231 (Gedeney.)
805 3173 978 3218 Frater
1001 3173 1224 3219 Thomas
1250 3173 1565 3234 Fressheney
1589 3174 1711 3220 dicit
1745 3175 1881 3236 quod
1916 3175 2070 3222 frater
2105 3174 2358 3237 Johannes

311 3234 567 3295 Gedeney,
593 3239 713 3281 tunc
746 3238 965 3292 sacrista,
991 3237 1042 3281 in
1075 3237 1247 3283 vltima
1283 3238 1666 3299 quadragesima
1703 3239 1840 3299 xxiiij
1880 3240 2124 3296 noctibus,
2149 3239 2358 3299 pulsatis

411 3344 423 3368 ¹
451 3346 697 3395 Apparently
714 3347 863 3384 altered
882 3347 981 3384 from
998 3350 1242 3398 incorrupta.

411 3395 428 3418 2
455 3395 542 3434 Sic:
572 3399 638 3433 sed
661 3398 875 3435 cancelled.

411 3446 428 3470 3
453 3447 547 3484 Sic:
577 3448 636 3485 for
662 3450 954 3498 conspiratores.

413 3497 428 3520 4
455 3499 546 3536 Sic:
574 3498 633 3536 for
669 3500 854 3548 Wrauby.

412 3548 426 3571 ⁵
454 3550 671 3588 Interlined
690 3551 817 3589 above
835 3553 871 3588 A
877 3551 1022 3600 nderby
1040 3552 1255 3591 cancelled.

412 3600 428 3623 ὃ
453 3601 548 3638 Sic:
578 3601 637 3638 for
663 3603 762 3639 vult.

411 3651 427 3724 ’ἑ
452 3653 608 3701 quando
626 3652 842 3690 cancelled.

409 3752 425 3776 ⁹
447 3704 892 3804 ἴέἕξῒεὲῗίῗτοξὲἷῗᾷκί,
913 3755 983 3793 but
1003 3755 1156 3794 written
1175 3759 1386 3807 carelessly
1403 3759 1522 3796 subm·
1531 3759 1569 3797 ’t.

394 3803 424 3826 ¹⁰
449 3818 467 3842 s
486 3805 695 3843 interlined
714 3805 839 3843 above
857 3819 944 3843 osus
963 3808 1177 3845 canceued.
