2488 4296
316 424 429 471 212
790 408 1275 471 ALNWICK’S
1359 407 1923 474 VISITATIONS

318 572 443 618 dixit
460 587 513 618 se
532 571 657 617 velle
676 572 913 632 conqueri
931 571 1211 627 ordinario;
1237 573 1287 616 et
1306 571 1496 617 detinet
1519 571 1598 616 isti
1621 570 1744 631 Asty
1767 589 1832 619 xx
1846 589 1878 619 s.
1904 574 1969 620 de
1992 574 2165 620 habitu
2188 590 2289 622 suo.

442 634 666 694 (Abbas.)
715 635 842 680 Item
861 634 983 680 dicit
1005 634 1143 696 quod
1166 634 1259 680 iste
1281 634 1417 681 idem
1440 635 1562 694 Asty
1585 635 1758 680 scribit
1780 637 1831 682 in
1854 639 2170 694 monasterio,
2190 639 2358 685 omnia

316 698 584 744 scribendo
628 698 678 742 in
709 711 1028 757 pergameno
1074 700 1124 743 et
1167 698 1344 757 papiro
1388 698 1452 744 de
1496 698 1725 759 propriiS‚
1773 703 1822 746 et
1866 716 1967 747 non
2012 704 2088 747 est
2130 702 2215 763 qui
2261 702 2355 747 sibi

313 761 585 808 satisfaciat
609 760 674 806 de
696 762 929 821 expensis
951 762 1002 806 in
1026 759 1228 807 defectu
1250 761 1459 808 abbatis.

446 826 616 871 Frater
643 824 891 870 Robertus
914 824 1094 880 Grene,
1120 825 1434 880 subsacrista,
1459 826 1582 872 dicit
1605 826 1669 873 de
1693 827 1894 873 raritate
1918 829 2286 887 canonicorum,
2307 832 2357 874 et

313 889 450 950 quod
474 903 574 934 non
598 888 876 934 deseruitur
909 889 1164 934 canonicis
1185 888 1235 933 in
1258 887 1528 935 infirmaria
1548 893 1601 935 vt
1624 904 1785 950 supra,
1811 894 1860 936 et
1884 891 1949 937 de
1973 891 2357 951 multiplicatore

314 955 364 998 et
386 953 492 998 eius
515 952 764 998 seruiente
787 954 839 997 vt
861 965 1021 1010 supra.

440 1014 608 1074 (Nota.
658 1014 839 1061 Abbas.
887 1018 972 1075 4³.)
1055 1015 1227 1061 Frater
1263 1014 1546 1061 Willelmus
1581 1016 1917 1077 Sadyngtone,
1953 1018 2122 1074 abbas,
2157 1021 2356 1064 notatur

313 1093 462 1138 super
484 1080 677 1125 incestu
700 1093 813 1125 cum
836 1079 1053 1140 quadam
1078 1078 1309 1124 Eufemia
1335 1079 1455 1135 Fox,
1482 1079 1672 1125 dudum
1708 1084 1941 1127 manente
1964 1082 2013 1126 in
2038 1082 2259 1141 prioratu
2292 1082 2357 1128 de

316 1142 550 1203 Langley.
605 1142 760 1197 Idem,
780 1145 833 1188 vt
849 1142 927 1188 vel
950 1143 1000 1187 in
1024 1141 1125 1187 fide
1149 1142 1329 1188 dubius
1353 1142 1432 1188 vel
1454 1157 1484 1188 a
1506 1142 1606 1189 fide
1630 1146 1680 1189 et
1702 1143 2126 1191 determinacione
2144 1146 2356 1192 ecclesie

312 1206 578 1252 catholica¹
603 1205 824 1262 deuians,
850 1209 1024 1252 contra
1048 1205 1333 1251 huiusmodi
1356 1205 1508 1251 fidem
1531 1210 1582 1253 et
1605 1207 2081 1254 determinacionem
2105 1223 2197 1267 pro
2219 1212 2357 1255 certa

312 1269 403 1315 sui2
425 1271 638 1329 pecunia
660 1285 688 1315 a
712 1270 835 1315 cista
859 1285 947 1314 sua
968 1269 1159 1325 ablatis,
1186 1269 1383 1315 circiter
1405 1285 1435 1315 v
1459 1271 1638 1316 marcis
1673 1270 1752 1316 vel
1788 1285 1850 1316 eo
1885 1271 2110 1331 amplius,
2135 1273 2356 1318 exercuit

312 1333 362 1378 in
386 1347 600 1393 persona
623 1348 712 1379 sua
729 1333 1036 1392 sortilegium
1055 1333 1160 1378 siue
1177 1333 1550 1379 incantaciones
1568 1334 1667 1380 hoc
1685 1334 1851 1390 modo,
1870 1334 2105 1381 videlicet
2122 1335 2172 1380 in
2189 1335 2357 1395 vigilia

310 1397 389 1443 vel
425 1398 475 1442 in
515 1397 597 1443 die
637 1396 751 1442 festi
788 1397 946 1442 sancti
985 1392 1175 1442 Mathei
1199 1397 1428 1456 apostoli,
1453 1412 1585 1451 anno
1611 1398 1814 1444 Domini
1837 1399 2194 1455 mccccxxxix⁰‚
2219 1399 2354 1459 apud

314 1461 646 1520 Ingwardeby
670 1461 881 1519 sumpsit
903 1460 998 1506 sibi
1020 1475 1172 1505 vnum
1195 1475 1404 1520 puerum
1442 1462 1643 1507 nomine
1685 1461 1994 1518 Mauricium‚
2019 1465 2069 1507 et
2092 1463 2356 1508 obseruata

311 1524 527 1585 quadam
572 1525 934 1583 supersticione
979 1523 1251 1583 dampnata
1303 1524 1443 1570 vnxit
1495 1538 1710 1584 vnguem
1766 1525 1962 1584 pollicis
2015 1525 2144 1571 illius
2198 1526 2352 1585 pueri,

311 1588 554 1633 mandan's
590 1588 755 1634 eidem
779 1592 830 1633 vt
853 1588 1125 1647 inspiciens
1160 1588 1211 1632 in
1247 1600 1462 1646 vnguem
1499 1603 1639 1634 suam
1675 1589 1918 1635 reuelaret
1953 1589 2047 1634 sibi
2087 1590 2249 1649 qualia
2283 1590 2354 1635 ibi

310 1651 516 1707 videret,
554 1654 603 1697 et
638 1652 837 1697 interim
872 1651 1044 1710 legens
1079 1651 1452 1697 incantaciones
1487 1666 1600 1697 suas
1634 1652 1713 1697 vel
1749 1652 1923 1698 dicens
1957 1653 2110 1712 peciit
2143 1653 2207 1699 ab
2242 1654 2354 1712 ipso

287 1724 466 1774 'puero
489 1715 610 1775 quid
632 1715 851 1770 vidisset,
877 1715 1182 1761 sentenciam
1208 1716 1746 1764 excommunicacionis
1782 1717 1982 1762 maioris
2018 1719 2192 1762 contra
2229 1717 2354 1763 tales

309 1779 606 1837 generaliter
629 1779 779 1824 latam
803 1778 1137 1833 incurrendo;
1174 1781 1224 1825 et
1257 1779 1329 1824 sic
1367 1779 1530 1824 sciens
1565 1794 1620 1825 se
1655 1780 2154 1836 excommunicatum,
2178 1781 2354 1827 missas

309 1843 468 1888 eciam
493 1842 817 1902 solempniter
840 1842 962 1888 citra
985 1842 1258 1888 celebrauit
1280 1845 1331 1888 et
1353 1842 1495 1888 aliter
1518 1843 1701 1889 diuinis
1724 1858 1777 1889 se
1795 1843 2058 1901 inmiscuit,
2078 1844 2353 1903 irregulari-

308 1909 463 1952 tatem
486 1906 802 1952 incurrendo.

442 1969 554 2031 [Fo.
587 1969 756 2031 105d.]
829 1970 999 2015 Abbas
1023 1971 1212 2029 recepit
1249 1970 1313 2016 de
1354 1970 1553 2029 Rogero
1591 1970 1791 2026 Buldra,
1829 1970 2081 2030 quondam
2107 1972 2352 2018 canonico

309 2034 454 2079 huius
476 2033 587 2090 loci,
612 2049 678 2079 xx
700 2049 732 2079 s,
759 2048 851 2093 pro
875 2036 1091 2093 cognato
1114 2033 1269 2093 ipsius
1295 2034 1478 2093 Rogeri
1501 2033 1816 2081 admittendo
1850 2035 1900 2079 in
1937 2035 2350 2081 elemosinariam.

312 2098 438 2144 Item
461 2098 557 2143 alia
579 2098 688 2144 vice
712 2097 859 2143 simili
884 2097 1036 2143 modo
1059 2098 1142 2157 vjs.
1167 2098 1302 2157 viijd.

436 2160 732 2222 (Supprior.)
822 2162 949 2207 Item
993 2161 1224 2221 supprior
1264 2161 1454 2220 recepit
1492 2161 1556 2207 de
1594 2161 1792 2207 Thoma
1833 2162 2090 2221 Belgraue‚
2131 2164 2183 2207 vt
2221 2162 2351 2208 foret

308 2226 559 2284 particeps
583 2225 647 2271 de
671 2225 918 2282 cantariis,
942 2239 1093 2270 vnum
1116 2239 1302 2270 nouum
1325 2224 1755 2284 superpelliceum.

435 2288 660 2350 (Abbas.)
710 2289 882 2334 Abbas
899 2289 1035 2334 omni
1058 2303 1191 2334 anno
1214 2288 1439 2334 destituit
1462 2291 1511 2334 et
1533 2289 1745 2334 instituit
1769 2288 2034 2334 officiarios
2064 2289 2350 2335 monasterii

307 2356 558 2398 conuentu
596 2352 910 2409 inconsulto;
947 2355 997 2398 et
1031 2352 1115 2397 vbi
1151 2352 1286 2397 bona
1320 2353 1646 2398 moriencium
1683 2353 2038 2398 canonicorum
2074 2355 2188 2412 post
2223 2352 2351 2399 elec-

308 2417 505 2462 cionem
549 2417 758 2472 abbatis,
804 2417 985 2475 prioris
1026 2419 1077 2462 et
1119 2415 1330 2462 aliorum
1384 2415 1798 2461 distribuerentur
1851 2417 1979 2462 inter
2028 2417 2351 2476 pauperiores

309 2481 592 2537 canonicos,
616 2480 773 2526 abbas
796 2480 929 2526 bona
952 2479 1237 2525 huiusmodi
1264 2482 1366 2539 post
1389 2479 1695 2530 eleccionem
1718 2479 1890 2526 vendit
1913 2483 1963 2526 et
1985 2481 2222 2539 pecunias
2255 2480 2350 2526 sibi

306 2544 548 2589 imbursat
570 2547 744 2590 contra
767 2546 950 2589 statuta
973 2543 1177 2589 ordinis.

433 2606 528 2668 (14.
564 2607 770 2666 Abbas)
829 2608 955 2653 Item
980 2622 1093 2653 cum
1116 2607 1349 2653 credatur
1370 2621 1431 2653 cc
1454 2622 1646 2654 marcas
1668 2606 1746 2653 vel
1769 2606 1981 2666 amplius
2004 2607 2269 2666 prouenit-e
2286 2621 2348 2653 ex

306 2670 474 2717 officio
507 2671 750 2717 cellerarii
786 2685 878 2730 pro
913 2674 1141 2730 tempore
1177 2685 1275 2731 quo
1310 2671 1695 2731 Wykyngstone
1730 2671 1866 2717 stetit
1905 2670 2188 2717 cellerarius
2222 2670 2348 2717 vltra

409 2783 421 2807 ¹
451 2784 539 2821 Sic:
562 2783 619 2821 for
637 2784 827 2821 catholice.

407 2832 424 2856 2
449 2835 611 2873 Altered
630 2835 728 2872 from
756 2847 924 2873 summa.

409 2905 421 2928 ¹
450 2905 515 2943 Le.
539 2906 579 2942 in
599 2906 667 2943 the
687 2906 869 2955 spiritual
889 2919 1004 2943 sense
1022 2919 1030 2942 :
1061 2919 1124 2944 see
1144 2917 1237 2944 note
1257 2907 1280 2943 6
1300 2919 1350 2943 on
1371 2919 1408 2956 p.
1433 2916 1474 2943 11
1498 2907 1639 2944 above.
1688 2907 1913 2956 Euphemia
1934 2905 2016 2943 Fox
2035 2906 2132 2944 does
2151 2916 2221 2943 not
2240 2918 2348 2944 seem

304 2967 346 2994 to
365 2957 464 2994 have
485 2957 582 2994 been
604 2970 625 2993 a
646 2969 741 3001 nun,
763 2958 831 2994 but
853 2971 873 2994 a
894 2958 1074 3005 boarder,
1093 2968 1134 2994 at
1154 2957 1352 3008 Langley.
1408 2957 1588 3006 Angelus
1607 2958 1657 2995 de
1689 2957 1890 3003 Clavasio,
1913 2958 2070 2994 Summa
2100 2958 2283 3005 Angelica
2303 2956 2352 2994 de

303 3008 446 3045 casibus
463 3010 716 3052 conscientiae,
744 3009 852 3055 1569,
872 3022 909 3058 p.
933 3008 1017 3056 316,
1038 3008 1220 3058 explains
1241 3009 1307 3046 the
1327 3019 1467 3046 nature
1488 3008 1530 3046 of
1554 3009 1619 3046 the
1638 3009 1770 3056 crime,
1790 3023 1832 3046 as
1852 3008 2084 3046 committed
2104 3009 2142 3045 in
2164 3007 2232 3046 the
2258 3020 2348 3046 case

304 3059 346 3096 οἱ
362 3073 383 3095 a
403 3071 498 3106 nun,
517 3069 525 3079 ·
541 3060 636 3108 quia
656 3073 801 3108 sponsa
822 3060 894 3097 Dei
915 3070 988 3105 est,
1007 3060 1075 3108 qui
1097 3071 1156 3097 est
1176 3069 1288 3109 pater
1305 3059 1472 3098 noster.’
1519 3059 1563 3097 In
1584 3061 1681 3098 such
1700 3074 1722 3097 a
1741 3073 1829 3098 case
1849 3061 1916 3097 the
1936 3059 1996 3097 sin
2017 3072 2095 3096 was
2114 3059 2258 3108 triple:
2279 3058 2347 3097 the

303 3110 482 3148 offender
501 3124 579 3148 was
598 3111 730 3160 guilty
748 3111 833 3148 also
852 3111 894 3148 of
909 3112 1156 3158 adulterium,
1179 3114 1189 3131 ‘
1206 3111 1300 3160 quia
1320 3125 1505 3161 sponsam
1525 3111 1689 3149 alterius
1716 3112 1958 3160 corrumpit‚'
1977 3110 2055 3148 and
2073 3111 2316 3159 sacrilegtum
2337 3122 2346 3157 ;

308 3167 318 3182 ⁸
335 3162 413 3220 sed⁸
436 3170 567 3226 tamen
600 3175 679 3199 non
713 3173 805 3200 sunt
838 3163 914 3200 tria
945 3170 1120 3212 peccata,
1154 3164 1233 3205 sed>
1259 3175 1382 3218 unum
1414 3163 1542 3201 solum
1597 3191 1606 3200 .
1661 3191 1670 3200 .
1727 3191 1737 3201 .
1792 3191 1802 3201 .
1856 3163 1947 3200 licet
1975 3162 2164 3200 sortiatur
2190 3162 2348 3200 diuersa

307 3226 485 3251 nomlna.

407 3266 424 3290 2
453 3264 590 3302 Either
611 3273 658 3301 20
679 3277 722 3302 or
743 3275 785 3302 21
810 3265 936 3314 Sept„
961 3275 1069 3313 1439.

409 3315 424 3340 ³
454 3316 648 3365 Ingarsby
679 3329 756 3353 was
786 3330 807 3352 a
838 3316 1026 3367 chapelry
1044 3318 1082 3354 in
1102 3318 1169 3354 the
1189 3317 1322 3366 parish
1354 3317 1396 3354 of
1429 3317 1671 3366 Hungarton
1703 3316 1785 3366 (see
1804 3326 1898 3353 note
1917 3327 1941 3363 4
1960 3329 2009 3353 on
2030 3329 2067 3366 p.
2092 3324 2166 3353 210
2183 3315 2343 3363 above.)

306 3365 392 3404 The
410 3380 561 3416 grange
581 3366 797 3416 belonging
812 3378 853 3404 to
870 3368 937 3405 the
957 3369 1086 3417 abbey
1104 3368 1146 3406 of
1172 3368 1372 3406 Leicester
1392 3368 1425 3406 is
1444 3368 1527 3405 still
1546 3367 1749 3417 standing,
1770 3367 1876 3405 close
1903 3377 1945 3404 to
1965 3366 2158 3416 Ingarsby
2185 3366 2346 3415 railway

303 3419 450 3455 station
482 3431 532 3455 on
555 3418 621 3455 the
652 3418 775 3455 Great
809 3418 1013 3457 Northern
1033 3419 1112 3456 line
1131 3419 1231 3456 from
1266 3419 1467 3456 Leicester
1486 3430 1528 3456 to
1549 3419 1704 3456 Melton
1736 3419 1941 3467 Mowbray
1959 3418 2037 3455 and
2059 3417 2217 3455 Market
2245 3417 2348 3455 Har-

305 3470 498 3518 borough.
553 3469 684 3506 There
704 3470 735 3506 is
755 3483 776 3506 a
797 3470 897 3507 brief
915 3481 1008 3507 note
1026 3483 1133 3520 upon
1164 3470 1242 3508 this
1263 3470 1456 3518 building,
1477 3470 1571 3507 with
1592 3483 1700 3508 some
1718 3470 1929 3516 drawings,
1949 3469 1990 3506 in
2016 3469 2280 3507 Transactions
2302 3469 2352 3518 of

302 3520 363 3557 tlte
381 3518 671 3558 Lez'cesterslzirc
690 3521 890 3559 Archaeol.
913 3522 990 3559 Soc.
1010 3530 1051 3569 X,
1070 3529 1116 3568 25
1123 3529 1157 3568 5.
1213 3521 1300 3559 The
1319 3530 1479 3571 present
1498 3532 1694 3559 structure
1713 3522 1745 3558 is
1764 3521 1915 3570 mainly
1934 3520 1976 3557 of
1992 3520 2060 3558 the
2078 3520 2188 3570 early
2207 3519 2344 3558 Tudor

305 3571 457 3618 period,
479 3573 549 3609 but
575 3572 607 3608 is
635 3584 684 3608 on
714 3571 782 3609 the
809 3572 883 3610 site
911 3572 987 3610 and
1017 3585 1108 3622 may
1137 3574 1386 3622 incorporate
1405 3585 1515 3611 some
1534 3572 1576 3610 of
1603 3573 1671 3610 the
1690 3571 1832 3610 earlier
1850 3570 2034 3620 building
2052 3571 2092 3609 in
2111 3570 2240 3609 which
2267 3570 2347 3609 this

303 3624 460 3660 curious
478 3622 640 3672 episode
660 3622 755 3660 took
777 3623 904 3671 place.
2369 3633 2371 3636 ’

409 3674 423 3699 4
453 3674 529 3711 For
558 3673 624 3710 the
657 3686 726 3711 use
759 3674 800 3711 of
829 3675 958 3723 magic
992 3675 1042 3724 by
1074 3688 1122 3712 an
1157 3675 1291 3721 abbot‚
1310 3674 1358 3711 cf.
1379 3675 1446 3712 the
1465 3674 1766 3724 extraordinary
1783 3686 1871 3711 case
1889 3673 1932 3711 of
1948 3673 2123 3711 Thomas
2141 3672 2340 3721 Whalley‚

304 3725 425 3762 abbot
458 3726 499 3763 of
530 3725 664 3772 Selby,
684 3725 862 3773 deposed
895 3727 934 3763 in
959 3727 1135 3772 1279·80‚
1155 3726 1243 3763 who
1274 3726 1467 3775 procured
1500 3738 1576 3763 one
1608 3725 1729 3774 Elyas
1763 3724 1944 3770 Fawelle,
1964 3725 2275 3761 ‘incantatorem
2303 3734 2342 3760 et

304 3777 563 3826 sortilegum‚’
583 3785 625 3813 to
654 3775 736 3813 find
767 3775 835 3814 the
868 3777 975 3826 body
1006 3778 1046 3814 of
1074 3776 1136 3814 his
1170 3777 1341 3822 brother,
1360 3776 1548 3814 drowned
1580 3777 1618 3813 in
1638 3777 1706 3813 the
1724 3775 1832 3815 Ouse
1852 3775 1972 3822 (Yon
1992 3778 2087 3824 Reg.
2117 3775 2340 3821 Wickwane,

308 3825 490 3881 [Surtees
511 3826 637 3877 Soc.]‚
658 3839 696 3876 p.
718 3827 796 3874 24).
855 3827 898 3865 In
925 3827 1019 3874 1467
1051 3827 1228 3865 William
1264 3828 1353 3878 Byg
1372 3841 1415 3866 or
1447 3827 1576 3865 Leche
1596 3827 1637 3864 oi
1654 3826 1893 3865 Wombwell
1913 3840 1989 3864 was
2008 3826 2180 3877 charged
2207 3826 2341 3864 before

2463 3758 2488 3770 a
