<?xml version="1.0" encoding="UTF-8"?>
<!DOCTYPE html PUBLIC "-//W3C//DTD XHTML 1.0 Transitional//EN"
    "http://www.w3.org/TR/xhtml1/DTD/xhtml1-transitional.dtd">
<html xmlns="http://www.w3.org/1999/xhtml" xml:lang="en" lang="en">
 <head>
  <title>
</title>
<meta http-equiv="Content-Type" content="text/html;charset=utf-8" />
  <meta name='ocr-system' content='tesseract 3.04.00' />
  <meta name='ocr-capabilities' content='ocr_page ocr_carea ocr_par ocr_line ocrx_word'/>
</head>
<body>
  <div class='ocr_page' id='page_1' title='image "./p1visitationsof02cathuoft_0436.png"; bbox 0 0 2488 4296; ppageno 0'>
   <div class='ocr_carea' id='block_1_1' title="bbox 305 413 1899 477">
    <p class='ocr_par' dir='ltr' id='par_1_1' title="bbox 305 413 1899 477">
     <span class='ocr_line' id='line_1_1' title="bbox 305 413 1899 477; baseline 0.003 -5"><span class='ocrx_word' id='word_1_1' title='bbox 305 415 418 473; x_wconf 76' lang='lat'>182</span> <span class='ocrx_word' id='word_1_2' title='bbox 762 413 1252 474; x_wconf 85' lang='lat' dir='ltr'>ALNWICK·S</span> <span class='ocrx_word' id='word_1_3' title='bbox 1336 415 1899 477; x_wconf 88' lang='lat' dir='ltr'>VISITATIONS</span> 
     </span>
    </p>
   </div>
   <div class='ocr_carea' id='block_1_2' title="bbox 304 573 2355 759">
    <p class='ocr_par' dir='ltr' id='par_1_2' title="bbox 304 573 2355 759">
     <span class='ocr_line' id='line_1_2' title="bbox 306 573 2355 637; baseline 0.003 -20"><span class='ocrx_word' id='word_1_4' title='bbox 306 573 590 618; x_wconf 88' lang='lat' dir='ltr'>huiusmodi</span> <span class='ocrx_word' id='word_1_5' title='bbox 647 573 853 618; x_wconf 89' lang='lat' dir='ltr'>visenda</span> <span class='ocrx_word' id='word_1_6' title='bbox 909 573 1176 619; x_wconf 81' lang='lat' dir='ltr'>nullatinus</span> <span class='ocrx_word' id='word_1_7' title='bbox 1232 574 1551 633; x_wconf 81' lang='lat' dir='ltr'>egrediantur</span> <span class='ocrx_word' id='word_1_8' title='bbox 1606 576 1893 637; x_wconf 87' lang='lat' dir='ltr'>priusquam</span> <span class='ocrx_word' id='word_1_9' title='bbox 1951 576 2094 622; x_wconf 84' lang='lat' dir='ltr'>horas</span> <span class='ocrx_word' id='word_1_10' title='bbox 2147 578 2355 623; x_wconf 81' lang='lat' dir='ltr'><em>dixerint</em></span> 
     </span>
     <span class='ocr_line' id='line_1_3' title="bbox 304 636 2354 699; baseline 0.002 -18"><span class='ocrx_word' id='word_1_11' title='bbox 304 637 558 681; x_wconf 84' lang='lat' dir='ltr'>canonicas</span> <span class='ocrx_word' id='word_1_12' title='bbox 580 640 621 681; x_wconf 85' lang='lat' dir='ltr'>et</span> <span class='ocrx_word' id='word_1_13' title='bbox 647 637 809 681; x_wconf 86' lang='lat' dir='ltr'>missas</span> <span class='ocrx_word' id='word_1_14' title='bbox 840 636 1024 681; x_wconf 73' lang='lat' dir='ltr'>debitas</span> <span class='ocrx_word' id='word_1_15' title='bbox 1057 636 1221 682; x_wconf 82' lang='lat' dir='ltr'>dicant</span> <span class='ocrx_word' id='word_1_16' title='bbox 1254 637 1326 682; x_wconf 87' lang='lat' dir='ltr'>vel</span> <span class='ocrx_word' id='word_1_17' title='bbox 1359 637 1601 694; x_wconf 82' lang='lat' dir='ltr'>audiant,¹</span> <span class='ocrx_word' id='word_1_18' title='bbox 1626 641 1676 684; x_wconf 93' lang='lat' dir='ltr'>et</span> <span class='ocrx_word' id='word_1_19' title='bbox 1698 638 1828 684; x_wconf 78' lang='lat' dir='ltr'>cum²</span> <span class='ocrx_word' id='word_1_20' title='bbox 1851 639 2105 686; x_wconf 86' lang='lat' dir='ltr'>celeritate</span> <span class='ocrx_word' id='word_1_21' title='bbox 2129 641 2354 699; x_wconf 90' lang='lat' dir='ltr'>possibili</span> 
     </span>
     <span class='ocr_line' id='line_1_4' title="bbox 304 699 2320 759; baseline 0.002 -15"><span class='ocrx_word' id='word_1_22' title='bbox 304 702 353 745; x_wconf 89' lang='lat' dir='ltr'>et</span> <span class='ocrx_word' id='word_1_23' title='bbox 377 700 600 758; x_wconf 80' lang='lat' dir='ltr'>negociis</span> <span class='ocrx_word' id='word_1_24' title='bbox 626 699 875 759; x_wconf 86' lang='lat' dir='ltr'>expeditis</span> <span class='ocrx_word' id='word_1_25' title='bbox 899 699 1109 745; x_wconf 82' lang='lat' dir='ltr'>redeant</span> <span class='ocrx_word' id='word_1_26' title='bbox 1131 699 1197 745; x_wconf 90' lang='lat' dir='ltr'>ad</span> <span class='ocrx_word' id='word_1_27' title='bbox 1222 700 1431 746; x_wconf 89' lang='lat' dir='ltr'>chorum</span> <span class='ocrx_word' id='word_1_28' title='bbox 1456 716 1567 747; x_wconf 91' lang='lat' dir='ltr'>cum</span> <span class='ocrx_word' id='word_1_29' title='bbox 1593 702 1701 747; x_wconf 89' lang='lat' dir='ltr'>aliis</span> <span class='ocrx_word' id='word_1_30' title='bbox 1725 703 1775 746; x_wconf 92' lang='lat' dir='ltr'>in</span> <span class='ocrx_word' id='word_1_31' title='bbox 1800 701 1983 748; x_wconf 89' lang='lat' dir='ltr'>diuinis</span> <span class='ocrx_word' id='word_1_32' title='bbox 2007 703 2320 749; x_wconf 89' lang='lat' dir='ltr'>deseruituri.</span> 
     </span>
    </p>
   </div>
   <div class='ocr_carea' id='block_1_3' title="bbox 300 782 2357 3004">
    <p class='ocr_par' dir='ltr' id='par_1_3' title="bbox 301 782 2356 1350">
     <span class='ocr_line' id='line_1_5' title="bbox 432 782 2351 843; baseline 0.002 -15"><span class='ocrx_word' id='word_1_33' title='bbox 432 783 558 828; x_wconf 92' lang='lat' dir='ltr'>Item</span> <span class='ocrx_word' id='word_1_34' title='bbox 595 782 896 841; x_wconf 87' lang='lat' dir='ltr'>iniungimus</span> <span class='ocrx_word' id='word_1_35' title='bbox 931 782 1073 828; x_wconf 92' lang='lat' dir='ltr'>vobis</span> <span class='ocrx_word' id='word_1_36' title='bbox 1106 783 1350 828; x_wconf 83' lang='lat' dir='ltr'>vniuersis</span> <span class='ocrx_word' id='word_1_37' title='bbox 1386 786 1435 829; x_wconf 90' lang='lat' dir='ltr'>et</span> <span class='ocrx_word' id='word_1_38' title='bbox 1471 784 1691 843; x_wconf 88' lang='lat' dir='ltr'>singulis,</span> <span class='ocrx_word' id='word_1_39' title='bbox 1727 785 2044 843; x_wconf 84' lang='lat' dir='ltr'>presentibus</span> <span class='ocrx_word' id='word_1_40' title='bbox 2079 788 2128 831; x_wconf 85' lang='lat' dir='ltr'>et</span> <span class='ocrx_word' id='word_1_41' title='bbox 2161 786 2351 842; x_wconf 80' lang='lat' dir='ltr'>futuris,</span> 
     </span>
     <span class='ocr_line' id='line_1_6' title="bbox 302 845 2354 906; baseline 0.002 -15"><span class='ocrx_word' id='word_1_42' title='bbox 302 846 394 891; x_wconf 90' lang='lat' dir='ltr'>sub</span> <span class='ocrx_word' id='word_1_43' title='bbox 418 846 562 904; x_wconf 88' lang='lat' dir='ltr'>penis</span> <span class='ocrx_word' id='word_1_44' title='bbox 585 845 929 904; x_wconf 77' lang='lat' dir='ltr'>infrascriptis,</span> <span class='ocrx_word' id='word_1_45' title='bbox 955 845 1092 906; x_wconf 89' lang='lat' dir='ltr'>quod</span> <span class='ocrx_word' id='word_1_46' title='bbox 1116 845 1331 905; x_wconf 89' lang='lat' dir='ltr'>sigillum</span> <span class='ocrx_word' id='word_1_47' title='bbox 1365 861 1632 893; x_wconf 90' lang='lat' dir='ltr'>commune</span> <span class='ocrx_word' id='word_1_48' title='bbox 1670 847 1850 893; x_wconf 91' lang='lat' dir='ltr'>domus</span> <span class='ocrx_word' id='word_1_49' title='bbox 1886 849 1937 893; x_wconf 92' lang='lat' dir='ltr'>in</span> <span class='ocrx_word' id='word_1_50' title='bbox 1972 864 2068 894; x_wconf 90' lang='lat' dir='ltr'>vna</span> <span class='ocrx_word' id='word_1_51' title='bbox 2105 849 2230 895; x_wconf 90' lang='lat' dir='ltr'>cista</span> <span class='ocrx_word' id='word_1_52' title='bbox 2262 849 2354 895; x_wconf 89' lang='lat' dir='ltr'>sub</span> 
     </span>
     <span class='ocr_line' id='line_1_7' title="bbox 301 909 2350 972; baseline 0.002 -19"><span class='ocrx_word' id='word_1_53' title='bbox 301 909 459 954; x_wconf 90' lang='lat' dir='ltr'>tribus</span> <span class='ocrx_word' id='word_1_54' title='bbox 484 909 666 954; x_wconf 90' lang='lat' dir='ltr'>seruris</span> <span class='ocrx_word' id='word_1_55' title='bbox 689 909 998 954; x_wconf 85' lang='lat' dir='ltr'>diuersarum</span> <span class='ocrx_word' id='word_1_56' title='bbox 1009 909 1306 968; x_wconf 83' lang='lat' dir='ltr'>formarum,</span> <span class='ocrx_word' id='word_1_57' title='bbox 1332 925 1540 970; x_wconf 91' lang='lat' dir='ltr'>quarum</span> <span class='ocrx_word' id='word_1_58' title='bbox 1565 910 1778 956; x_wconf 88' lang='lat' dir='ltr'>clauium</span> <span class='ocrx_word' id='word_1_59' title='bbox 1801 926 1950 957; x_wconf 85' lang='lat' dir='ltr'>Vnam</span> <span class='ocrx_word' id='word_1_60' title='bbox 1984 912 2168 958; x_wconf 89' lang='lat' dir='ltr'>habeat</span> <span class='ocrx_word' id='word_1_61' title='bbox 2200 913 2350 972; x_wconf 87' lang='lat' dir='ltr'>prior,</span> 
     </span>
     <span class='ocr_line' id='line_1_8' title="bbox 302 971 2352 1034; baseline 0.002 -18"><span class='ocrx_word' id='word_1_62' title='bbox 302 972 443 1017; x_wconf 74' lang='lat' dir='ltr'>alius³</span> <span class='ocrx_word' id='word_1_63' title='bbox 487 972 718 1031; x_wconf 87' lang='lat' dir='ltr'>supprior</span> <span class='ocrx_word' id='word_1_64' title='bbox 749 974 799 1017; x_wconf 90' lang='lat' dir='ltr'>et</span> <span class='ocrx_word' id='word_1_65' title='bbox 843 972 1050 1017; x_wconf 84' lang='lat' dir='ltr'>terciam</span> <span class='ocrx_word' id='word_1_66' title='bbox 1094 971 1218 1017; x_wconf 89' lang='lat' dir='ltr'>alius</span> <span class='ocrx_word' id='word_1_67' title='bbox 1263 972 1327 1018; x_wconf 92' lang='lat' dir='ltr'>de</span> <span class='ocrx_word' id='word_1_68' title='bbox 1366 976 1619 1019; x_wconf 89' lang='lat' dir='ltr'>conuentu</span> <span class='ocrx_word' id='word_1_69' title='bbox 1658 988 1748 1033; x_wconf 88' lang='lat' dir='ltr'>per</span> <span class='ocrx_word' id='word_1_70' title='bbox 1787 979 2039 1020; x_wconf 86' lang='lat' dir='ltr'>conuentu</span> <span class='ocrx_word' id='word_1_71' title='bbox 2077 975 2352 1034; x_wconf 86' lang='lat' dir='ltr'>eligendus,</span> 
     </span>
     <span class='ocr_line' id='line_1_9' title="bbox 303 1035 2354 1096; baseline 0.001 -15"><span class='ocrx_word' id='word_1_72' title='bbox 303 1038 655 1092; x_wconf 82' lang='lat' dir='ltr'>conseruetur3</span> <span class='ocrx_word' id='word_1_73' title='bbox 689 1038 739 1081; x_wconf 92' lang='lat' dir='ltr'>et</span> <span class='ocrx_word' id='word_1_74' title='bbox 775 1035 911 1096; x_wconf 91' lang='lat' dir='ltr'>quod</span> <span class='ocrx_word' id='word_1_75' title='bbox 956 1035 1119 1080; x_wconf 89' lang='lat' dir='ltr'>nullus</span> <span class='ocrx_word' id='word_1_76' title='bbox 1164 1035 1429 1082; x_wconf 84' lang='lat' dir='ltr'>custodum</span> <span class='ocrx_word' id='word_1_77' title='bbox 1475 1036 1760 1083; x_wconf 90' lang='lat' dir='ltr'>huiusmodi</span> <span class='ocrx_word' id='word_1_78' title='bbox 1801 1037 1992 1084; x_wconf 91' lang='lat' dir='ltr'>clauem</span> <span class='ocrx_word' id='word_1_79' title='bbox 2033 1053 2173 1084; x_wconf 90' lang='lat' dir='ltr'>suam</span> <span class='ocrx_word' id='word_1_80' title='bbox 2211 1038 2354 1085; x_wconf 90' lang='lat' dir='ltr'>alteri</span> 
     </span>
     <span class='ocr_line' id='line_1_10' title="bbox 303 1098 2356 1163; baseline 0.002 -20"><span class='ocrx_word' id='word_1_81' title='bbox 303 1099 395 1143; x_wconf 85' lang='lat' dir='ltr'>nisi</span> <span class='ocrx_word' id='word_1_82' title='bbox 417 1098 475 1143; x_wconf 88' lang='lat' dir='ltr'>de</span> <span class='ocrx_word' id='word_1_83' title='bbox 497 1113 718 1144; x_wconf 82' lang='lat' dir='ltr'>consensu</span> <span class='ocrx_word' id='word_1_84' title='bbox 743 1098 1013 1144; x_wconf 82' lang='lat' dir='ltr'>conuentus⁴</span> <span class='ocrx_word' id='word_1_85' title='bbox 1036 1099 1230 1144; x_wconf 83' lang='lat' dir='ltr'>liberet⁵</span> <span class='ocrx_word' id='word_1_86' title='bbox 1264 1100 1331 1144; x_wconf 85' lang='lat' dir='ltr'>ad</span> <span class='ocrx_word' id='word_1_87' title='bbox 1365 1099 1708 1158; x_wconf 79' lang='lat' dir='ltr'>sigillandum3</span> <span class='ocrx_word' id='word_1_88' title='bbox 1745 1104 1798 1156; x_wconf 84' lang='lat' dir='ltr'>et,</span> <span class='ocrx_word' id='word_1_89' title='bbox 1835 1116 1948 1147; x_wconf 91' lang='lat' dir='ltr'>cum</span> <span class='ocrx_word' id='word_1_90' title='bbox 1984 1101 2173 1163; x_wconf 89' lang='lat' dir='ltr'>aliquid</span> <span class='ocrx_word' id='word_1_91' title='bbox 2207 1101 2356 1148; x_wconf 78' lang='lat' dir='ltr'>fuerit</span> 
     </span>
     <span class='ocr_line' id='line_1_11' title="bbox 303 1161 2356 1223; baseline 0.002 -17"><span class='ocrx_word' id='word_1_92' title='bbox 303 1161 635 1221; x_wconf 84' lang='lat' dir='ltr'>sigillandum,</span> <span class='ocrx_word' id='word_1_93' title='bbox 662 1162 1071 1221; x_wconf 66' lang='lat' dir='ltr'>prim06&#39;materia</span> <span class='ocrx_word' id='word_1_94' title='bbox 1096 1165 1287 1208; x_wconf 89' lang='lat' dir='ltr'>mature</span> <span class='ocrx_word' id='word_1_95' title='bbox 1310 1165 1550 1209; x_wconf 85' lang='lat' dir='ltr'>tractetur</span> <span class='ocrx_word' id='word_1_96' title='bbox 1586 1165 1636 1208; x_wconf 94' lang='lat' dir='ltr'>in</span> <span class='ocrx_word' id='word_1_97' title='bbox 1674 1164 1893 1223; x_wconf 89' lang='lat' dir='ltr'>capitulo</span> <span class='ocrx_word' id='word_1_98' title='bbox 1929 1165 2058 1210; x_wconf 90' lang='lat' dir='ltr'>inter</span> <span class='ocrx_word' id='word_1_99' title='bbox 2091 1179 2279 1221; x_wconf 79' lang='lat' dir='ltr'>omnes,</span> <span class='ocrx_word' id='word_1_100' title='bbox 2305 1168 2356 1211; x_wconf 92' lang='lat' dir='ltr'>et</span> 
     </span>
     <span class='ocr_line' id='line_1_12' title="bbox 303 1225 2356 1286; baseline 0.002 -16"><span class='ocrx_word' id='word_1_101' title='bbox 303 1227 451 1284; x_wconf 88' lang='lat' dir='ltr'>prout</span> <span class='ocrx_word' id='word_1_102' title='bbox 495 1226 806 1271; x_wconf 86' lang='lat' dir='ltr'>consenserit</span> <span class='ocrx_word' id='word_1_103' title='bbox 862 1225 1019 1271; x_wconf 88' lang='lat' dir='ltr'>maior</span> <span class='ocrx_word' id='word_1_104' title='bbox 1065 1228 1114 1271; x_wconf 92' lang='lat' dir='ltr'>et</span> <span class='ocrx_word' id='word_1_105' title='bbox 1158 1225 1324 1271; x_wconf 91' lang='lat' dir='ltr'>sanior</span> <span class='ocrx_word' id='word_1_106' title='bbox 1369 1240 1484 1285; x_wconf 89' lang='lat' dir='ltr'>pars</span> <span class='ocrx_word' id='word_1_107' title='bbox 1529 1227 1747 1286; x_wconf 88' lang='lat' dir='ltr'>capituli,</span> <span class='ocrx_word' id='word_1_108' title='bbox 1794 1229 2096 1274; x_wconf 90' lang='lat' dir='ltr'>conueniant</span> <span class='ocrx_word' id='word_1_109' title='bbox 2140 1229 2210 1274; x_wconf 92' lang='lat' dir='ltr'>hii</span> <span class='ocrx_word' id='word_1_110' title='bbox 2254 1231 2356 1275; x_wconf 89' lang='lat' dir='ltr'>tres</span> 
     </span>
     <span class='ocr_line' id='line_1_13' title="bbox 303 1289 2290 1350; baseline 0.002 -16"><span class='ocrx_word' id='word_1_111' title='bbox 303 1289 538 1334; x_wconf 89' lang='lat' dir='ltr'>custodes</span> <span class='ocrx_word' id='word_1_112' title='bbox 563 1291 612 1335; x_wconf 90' lang='lat' dir='ltr'>et</span> <span class='ocrx_word' id='word_1_113' title='bbox 635 1303 725 1348; x_wconf 90' lang='lat' dir='ltr'>per</span> <span class='ocrx_word' id='word_1_114' title='bbox 749 1303 922 1334; x_wconf 90' lang='lat' dir='ltr'>eorum</span> <span class='ocrx_word' id='word_1_115' title='bbox 945 1289 1168 1341; x_wconf 84' lang='lat' dir='ltr'>omnium</span> <span class='ocrx_word' id='word_1_116' title='bbox 1191 1290 1351 1334; x_wconf 86' lang='lat' dir='ltr'>visum</span> <span class='ocrx_word' id='word_1_117' title='bbox 1375 1290 1616 1348; x_wconf 87' lang='lat' dir='ltr'>sigilletur</span> <span class='ocrx_word' id='word_1_118' title='bbox 1634 1289 1919 1336; x_wconf 88' lang='lat' dir='ltr'>huiusmodi</span> <span class='ocrx_word' id='word_1_119' title='bbox 1938 1291 2290 1350; x_wconf 81' lang='lat' dir='ltr'>sigillandum.⁷</span> 
     </span>
    </p>

    <p class='ocr_par' dir='ltr' id='par_1_4' title="bbox 302 1351 2355 1601">
     <span class='ocr_line' id='line_1_14' title="bbox 434 1351 2355 1414; baseline 0.002 -18"><span class='ocrx_word' id='word_1_120' title='bbox 434 1353 560 1397; x_wconf 90' lang='lat' dir='ltr'>Item</span> <span class='ocrx_word' id='word_1_121' title='bbox 584 1353 885 1410; x_wconf 89' lang='lat' dir='ltr'>iniungimus</span> <span class='ocrx_word' id='word_1_122' title='bbox 909 1355 959 1398; x_wconf 92' lang='lat' dir='ltr'>et</span> <span class='ocrx_word' id='word_1_123' title='bbox 982 1351 1278 1398; x_wconf 89' lang='lat' dir='ltr'>mandamus</span> <span class='ocrx_word' id='word_1_124' title='bbox 1302 1355 1353 1398; x_wconf 88' lang='lat' dir='ltr'>vt</span> <span class='ocrx_word' id='word_1_125' title='bbox 1377 1367 1490 1398; x_wconf 91' lang='lat' dir='ltr'>cum</span> <span class='ocrx_word' id='word_1_126' title='bbox 1514 1353 1770 1399; x_wconf 86' lang='lat' dir='ltr'>celeritate</span> <span class='ocrx_word' id='word_1_127' title='bbox 1801 1354 2027 1414; x_wconf 86' lang='lat' dir='ltr'>possibili</span> <span class='ocrx_word' id='word_1_128' title='bbox 2062 1357 2355 1414; x_wconf 89' lang='lat' dir='ltr'>reparentur</span> 
     </span>
     <span class='ocr_line' id='line_1_15' title="bbox 303 1415 2352 1474; baseline 0.002 -14"><span class='ocrx_word' id='word_1_129' title='bbox 303 1415 532 1461; x_wconf 85' lang='lat' dir='ltr'>defectus</span> <span class='ocrx_word' id='word_1_130' title='bbox 556 1416 605 1460; x_wconf 92' lang='lat' dir='ltr'>in</span> <span class='ocrx_word' id='word_1_131' title='bbox 630 1416 876 1472; x_wconf 86' lang='lat' dir='ltr'>maneriis,</span> <span class='ocrx_word' id='word_1_132' title='bbox 902 1416 1135 1474; x_wconf 89' lang='lat' dir='ltr'>grangiis,</span> <span class='ocrx_word' id='word_1_133' title='bbox 1160 1417 1472 1472; x_wconf 85' lang='lat' dir='ltr'>tenementis,</span> <span class='ocrx_word' id='word_1_134' title='bbox 1509 1416 1744 1463; x_wconf 89' lang='lat' dir='ltr'>cancellis</span> <span class='ocrx_word' id='word_1_135' title='bbox 1793 1421 1844 1463; x_wconf 92' lang='lat' dir='ltr'>et</span> <span class='ocrx_word' id='word_1_136' title='bbox 1879 1417 2112 1464; x_wconf 88' lang='lat' dir='ltr'>domibus</span> <span class='ocrx_word' id='word_1_137' title='bbox 2148 1419 2352 1464; x_wconf 89' lang='lat' dir='ltr'>rectori-</span> 
     </span>
     <span class='ocr_line' id='line_1_16' title="bbox 302 1479 2352 1540; baseline 0.002 -16"><span class='ocrx_word' id='word_1_138' title='bbox 302 1494 442 1524; x_wconf 88' lang='lat' dir='ltr'>arum</span> <span class='ocrx_word' id='word_1_139' title='bbox 461 1479 783 1524; x_wconf 89' lang='lat' dir='ltr'>ecclesiarum</span> <span class='ocrx_word' id='word_1_140' title='bbox 803 1479 968 1524; x_wconf 87' lang='lat' dir='ltr'>domui</span> <span class='ocrx_word' id='word_1_141' title='bbox 984 1479 1432 1538; x_wconf 86' lang='lat' dir='ltr'>appropriatarum,</span> <span class='ocrx_word' id='word_1_142' title='bbox 1451 1483 1500 1526; x_wconf 91' lang='lat' dir='ltr'>et</span> <span class='ocrx_word' id='word_1_143' title='bbox 1517 1480 1599 1525; x_wconf 90' lang='lat' dir='ltr'>alii</span> <span class='ocrx_word' id='word_1_144' title='bbox 1615 1480 2037 1540; x_wconf 62' lang='lat' dir='ltr'>infrafprioratum</span> <span class='ocrx_word' id='word_1_145' title='bbox 2068 1483 2352 1538; x_wconf 88' lang='lat' dir='ltr'>existentes,</span> 
     </span>
     <span class='ocr_line' id='line_1_17' title="bbox 302 1542 1693 1601; baseline 0.002 -14"><span class='ocrx_word' id='word_1_146' title='bbox 302 1557 366 1588; x_wconf 94' lang='lat' dir='ltr'>ne</span> <span class='ocrx_word' id='word_1_147' title='bbox 389 1542 456 1588; x_wconf 91' lang='lat' dir='ltr'>ob</span> <span class='ocrx_word' id='word_1_148' title='bbox 481 1542 736 1588; x_wconf 80' lang='lat' dir='ltr'>defectum</span> <span class='ocrx_word' id='word_1_149' title='bbox 760 1542 1099 1601; x_wconf 86' lang='lat' dir='ltr'>reparacionis</span> <span class='ocrx_word' id='word_1_150' title='bbox 1122 1543 1334 1588; x_wconf 89' lang='lat' dir='ltr'>tendant</span> <span class='ocrx_word' id='word_1_151' title='bbox 1356 1543 1421 1588; x_wconf 90' lang='lat' dir='ltr'>ad</span> <span class='ocrx_word' id='word_1_152' title='bbox 1446 1557 1546 1589; x_wconf 91' lang='lat' dir='ltr'>non</span> <span class='ocrx_word' id='word_1_153' title='bbox 1571 1558 1693 1590; x_wconf 86' lang='lat' dir='ltr'>esse.</span> 
     </span>
    </p>

    <p class='ocr_par' dir='ltr' id='par_1_5' title="bbox 301 1606 2357 2299">
     <span class='ocr_line' id='line_1_18' title="bbox 434 1606 2354 1667; baseline 0.002 -17"><span class='ocrx_word' id='word_1_154' title='bbox 434 1606 560 1651; x_wconf 91' lang='lat' dir='ltr'>Item</span> <span class='ocrx_word' id='word_1_155' title='bbox 584 1606 886 1664; x_wconf 90' lang='lat' dir='ltr'>iniungimus</span> <span class='ocrx_word' id='word_1_156' title='bbox 910 1608 960 1651; x_wconf 93' lang='lat' dir='ltr'>et</span> <span class='ocrx_word' id='word_1_157' title='bbox 983 1606 1278 1652; x_wconf 87' lang='lat' dir='ltr'>mandamus</span> <span class='ocrx_word' id='word_1_158' title='bbox 1301 1606 1444 1652; x_wconf 91' lang='lat' dir='ltr'>vobis</span> <span class='ocrx_word' id='word_1_159' title='bbox 1468 1622 1600 1653; x_wconf 90' lang='lat' dir='ltr'>nunc</span> <span class='ocrx_word' id='word_1_160' title='bbox 1625 1610 1674 1652; x_wconf 91' lang='lat' dir='ltr'>et</span> <span class='ocrx_word' id='word_1_161' title='bbox 1697 1606 1864 1653; x_wconf 76' lang='lat' dir='ltr'>futuro</span> <span class='ocrx_word' id='word_1_162' title='bbox 1887 1609 2040 1667; x_wconf 88' lang='lat' dir='ltr'>priori</span> <span class='ocrx_word' id='word_1_163' title='bbox 2075 1609 2354 1663; x_wconf 79' lang='lat' dir='ltr'>cuicunque</span> 
     </span>
     <span class='ocr_line' id='line_1_19' title="bbox 302 1669 2355 1729; baseline 0.001 -15"><span class='ocrx_word' id='word_1_164' title='bbox 302 1669 413 1714; x_wconf 77' lang='lat' dir='ltr'>sub⁸</span> <span class='ocrx_word' id='word_1_165' title='bbox 430 1670 573 1728; x_wconf 88' lang='lat' dir='ltr'>penis</span> <span class='ocrx_word' id='word_1_166' title='bbox 596 1669 947 1715; x_wconf 89' lang='lat' dir='ltr'>inobediencie</span> <span class='ocrx_word' id='word_1_167' title='bbox 972 1671 1021 1714; x_wconf 94' lang='lat' dir='ltr'>et</span> <span class='ocrx_word' id='word_1_168' title='bbox 1039 1672 1357 1729; x_wconf 88' lang='lat' dir='ltr'>contemptus</span> <span class='ocrx_word' id='word_1_169' title='bbox 1379 1684 1438 1715; x_wconf 92' lang='lat' dir='ltr'>ac</span> <span class='ocrx_word' id='word_1_170' title='bbox 1463 1671 1804 1729; x_wconf 89' lang='lat' dir='ltr'>suspensionis</span> <span class='ocrx_word' id='word_1_171' title='bbox 1826 1671 1891 1717; x_wconf 89' lang='lat' dir='ltr'>ab</span> <span class='ocrx_word' id='word_1_172' title='bbox 1914 1671 2355 1718; x_wconf 89' lang='lat' dir='ltr'>administracione</span> 
     </span>
     <span class='ocr_line' id='line_1_20' title="bbox 302 1732 2353 1795; baseline 0.001 -18"><span class='ocrx_word' id='word_1_173' title='bbox 302 1736 469 1788; x_wconf 80' lang='lat' dir='ltr'>vestra,</span> <span class='ocrx_word' id='word_1_174' title='bbox 495 1732 633 1794; x_wconf 89' lang='lat' dir='ltr'>quod</span> <span class='ocrx_word' id='word_1_175' title='bbox 657 1733 811 1778; x_wconf 91' lang='lat' dir='ltr'>nichil</span> <span class='ocrx_word' id='word_1_176' title='bbox 834 1733 1044 1778; x_wconf 87' lang='lat' dir='ltr'>arduum</span> <span class='ocrx_word' id='word_1_177' title='bbox 1069 1732 1264 1778; x_wconf 82' lang='lat' dir='ltr'>faciatis</span> <span class='ocrx_word' id='word_1_178' title='bbox 1289 1748 1382 1779; x_wconf 92' lang='lat' dir='ltr'>nec</span> <span class='ocrx_word' id='word_1_179' title='bbox 1404 1732 1572 1779; x_wconf 82' lang='lat' dir='ltr'>firmas</span> <span class='ocrx_word' id='word_1_180' title='bbox 1595 1734 1785 1795; x_wconf 87' lang='lat' dir='ltr'>aliquas</span> <span class='ocrx_word' id='word_1_181' title='bbox 1810 1734 2084 1790; x_wconf 90' lang='lat' dir='ltr'>dimittatis,</span> <span class='ocrx_word' id='word_1_182' title='bbox 2105 1736 2198 1780; x_wconf 89' lang='lat' dir='ltr'>nisi</span> <span class='ocrx_word' id='word_1_183' title='bbox 2217 1736 2353 1794; x_wconf 90' lang='lat' dir='ltr'>prius</span> 
     </span>
     <span class='ocr_line' id='line_1_21' title="bbox 303 1795 2355 1857; baseline 0.001 -16"><span class='ocrx_word' id='word_1_184' title='bbox 303 1795 476 1841; x_wconf 89' lang='lat' dir='ltr'>habito</span> <span class='ocrx_word' id='word_1_185' title='bbox 500 1811 614 1842; x_wconf 91' lang='lat' dir='ltr'>cum</span> <span class='ocrx_word' id='word_1_186' title='bbox 638 1796 906 1842; x_wconf 82' lang='lat' dir='ltr'>conuentu⁰</span> <span class='ocrx_word' id='word_1_187' title='bbox 928 1797 978 1841; x_wconf 91' lang='lat' dir='ltr'>in</span> <span class='ocrx_word' id='word_1_188' title='bbox 1002 1796 1223 1855; x_wconf 89' lang='lat' dir='ltr'>capitulo</span> <span class='ocrx_word' id='word_1_189' title='bbox 1247 1811 1397 1856; x_wconf 89' lang='lat' dir='ltr'>super</span> <span class='ocrx_word' id='word_1_190' title='bbox 1421 1811 1475 1842; x_wconf 90' lang='lat' dir='ltr'>re</span> <span class='ocrx_word' id='word_1_191' title='bbox 1498 1797 1785 1843; x_wconf 90' lang='lat' dir='ltr'>huiusmodi</span> <span class='ocrx_word' id='word_1_192' title='bbox 1808 1800 2022 1844; x_wconf 88' lang='lat' dir='ltr'>tractatu</span> <span class='ocrx_word' id='word_1_193' title='bbox 2053 1798 2279 1857; x_wconf 77' lang='lat' dir='ltr'>diligenti,</span> <span class='ocrx_word' id='word_1_194' title='bbox 2305 1801 2355 1845; x_wconf 86' lang='lat' dir='ltr'>et</span> 
     </span>
     <span class='ocr_line' id='line_1_22' title="bbox 301 1860 2355 1923; baseline 0.001 -19"><span class='ocrx_word' id='word_1_195' title='bbox 301 1874 550 1905; x_wconf 90' lang='lat' dir='ltr'>consensu</span> <span class='ocrx_word' id='word_1_196' title='bbox 574 1860 775 1905; x_wconf 87' lang='lat' dir='ltr'>maioris</span> <span class='ocrx_word' id='word_1_197' title='bbox 799 1862 849 1905; x_wconf 89' lang='lat' dir='ltr'>et</span> <span class='ocrx_word' id='word_1_198' title='bbox 871 1860 1082 1905; x_wconf 87' lang='lat' dir='ltr'>sanioris</span> <span class='ocrx_word' id='word_1_199' title='bbox 1106 1860 1261 1918; x_wconf 86' lang='lat' dir='ltr'>partis</span> <span class='ocrx_word' id='word_1_200' title='bbox 1284 1863 1563 1906; x_wconf 89' lang='lat' dir='ltr'>conuentus</span> <span class='ocrx_word' id='word_1_201' title='bbox 1585 1861 1651 1906; x_wconf 90' lang='lat' dir='ltr'>ad</span> <span class='ocrx_word' id='word_1_202' title='bbox 1675 1861 1773 1907; x_wconf 92' lang='lat' dir='ltr'>hoc</span> <span class='ocrx_word' id='word_1_203' title='bbox 1789 1861 2092 1919; x_wconf 86' lang='lat' dir='ltr'>accedente;</span> <span class='ocrx_word' id='word_1_204' title='bbox 2117 1862 2355 1923; x_wconf 90' lang='lat' dir='ltr'>quodque</span> 
     </span>
     <span class='ocr_line' id='line_1_23' title="bbox 302 1922 2354 1985; baseline 0.002 -18"><span class='ocrx_word' id='word_1_205' title='bbox 302 1923 438 1968; x_wconf 91' lang='lat' dir='ltr'>omni</span> <span class='ocrx_word' id='word_1_206' title='bbox 462 1937 595 1968; x_wconf 92' lang='lat' dir='ltr'>anno</span> <span class='ocrx_word' id='word_1_207' title='bbox 618 1923 747 1969; x_wconf 91' lang='lat' dir='ltr'>inter</span> <span class='ocrx_word' id='word_1_208' title='bbox 770 1923 898 1969; x_wconf 83' lang='lat' dir='ltr'>festa</span> <span class='ocrx_word' id='word_1_209' title='bbox 920 1922 1344 1969; x_wconf 87' lang='lat' dir='ltr'>Annunciacionis</span> <span class='ocrx_word' id='word_1_210' title='bbox 1380 1923 1633 1970; x_wconf 90' lang='lat' dir='ltr'>dominice</span> <span class='ocrx_word' id='word_1_211' title='bbox 1669 1927 1719 1970; x_wconf 90' lang='lat' dir='ltr'>et</span> <span class='ocrx_word' id='word_1_212' title='bbox 1754 1924 2096 1984; x_wconf 87' lang='lat' dir='ltr'>apostolorum</span> <span class='ocrx_word' id='word_1_213' title='bbox 2136 1925 2354 1985; x_wconf 89' lang='lat' dir='ltr'>Philippi</span> 
     </span>
     <span class='ocr_line' id='line_1_24' title="bbox 302 1985 2348 2047; baseline 0.001 -16"><span class='ocrx_word' id='word_1_214' title='bbox 302 1989 351 2031; x_wconf 91' lang='lat' dir='ltr'>et</span> <span class='ocrx_word' id='word_1_215' title='bbox 387 1986 559 2047; x_wconf 89' lang='lat' dir='ltr'>Jacobi</span> <span class='ocrx_word' id='word_1_216' title='bbox 596 1986 837 2046; x_wconf 85' lang='lat' dir='ltr'>plenum¹⁰</span> <span class='ocrx_word' id='word_1_217' title='bbox 860 1989 908 2032; x_wconf 88' lang='lat' dir='ltr'>et</span> <span class='ocrx_word' id='word_1_218' title='bbox 932 1985 1133 2033; x_wconf 89' lang='lat' dir='ltr'>fidelem</span> <span class='ocrx_word' id='word_1_219' title='bbox 1171 1989 1461 2047; x_wconf 90' lang='lat' dir='ltr'>compotum</span> <span class='ocrx_word' id='word_1_220' title='bbox 1486 1987 1551 2033; x_wconf 90' lang='lat' dir='ltr'>de</span> <span class='ocrx_word' id='word_1_221' title='bbox 1575 1988 1807 2034; x_wconf 89' lang='lat' dir='ltr'>omnibus</span> <span class='ocrx_word' id='word_1_222' title='bbox 1842 1989 2130 2034; x_wconf 90' lang='lat' dir='ltr'>reuentibus</span> <span class='ocrx_word' id='word_1_223' title='bbox 2154 1989 2348 2046; x_wconf 87' lang='lat' dir='ltr'>domus,</span> 
     </span>
     <span class='ocr_line' id='line_1_25' title="bbox 302 2050 2355 2108; baseline 0.002 -14"><span class='ocrx_word' id='word_1_224' title='bbox 302 2050 531 2108; x_wconf 82' lang='lat' dir='ltr'>receptiS‚</span> <span class='ocrx_word' id='word_1_225' title='bbox 579 2050 974 2096; x_wconf 89' lang='lat' dir='ltr'>resolucionibus</span> <span class='ocrx_word' id='word_1_226' title='bbox 1019 2053 1069 2096; x_wconf 94' lang='lat' dir='ltr'>et</span> <span class='ocrx_word' id='word_1_227' title='bbox 1114 2050 1178 2096; x_wconf 93' lang='lat' dir='ltr'>de</span> <span class='ocrx_word' id='word_1_228' title='bbox 1223 2051 1363 2096; x_wconf 88' lang='lat' dir='ltr'>totali</span> <span class='ocrx_word' id='word_1_229' title='bbox 1419 2050 1861 2098; x_wconf 89' lang='lat' dir='ltr'>administracione</span> <span class='ocrx_word' id='word_1_230' title='bbox 1904 2054 2070 2098; x_wconf 88' lang='lat' dir='ltr'>vestra</span> <span class='ocrx_word' id='word_1_231' title='bbox 2114 2052 2163 2097; x_wconf 92' lang='lat' dir='ltr'>in</span> <span class='ocrx_word' id='word_1_232' title='bbox 2210 2053 2355 2098; x_wconf 92' lang='lat' dir='ltr'>bonis</span> 
     </span>
     <span class='ocr_line' id='line_1_26' title="bbox 302 2113 2356 2177; baseline 0.002 -20"><span class='ocrx_word' id='word_1_233' title='bbox 302 2113 550 2172; x_wconf 89' lang='lat' dir='ltr'>prioratus</span> <span class='ocrx_word' id='word_1_234' title='bbox 594 2114 835 2159; x_wconf 85' lang='lat' dir='ltr'>antedicti</span> <span class='ocrx_word' id='word_1_235' title='bbox 885 2114 935 2158; x_wconf 92' lang='lat' dir='ltr'>in</span> <span class='ocrx_word' id='word_1_236' title='bbox 991 2114 1211 2172; x_wconf 87' lang='lat' dir='ltr'>capitulo</span> <span class='ocrx_word' id='word_1_237' title='bbox 1267 2128 1436 2160; x_wconf 90' lang='lat' dir='ltr'>coram</span> <span class='ocrx_word' id='word_1_238' title='bbox 1491 2117 1600 2160; x_wconf 92' lang='lat' dir='ltr'>toto</span> <span class='ocrx_word' id='word_1_239' title='bbox 1655 2118 1920 2170; x_wconf 91' lang='lat' dir='ltr'>conuentu,</span> <span class='ocrx_word' id='word_1_240' title='bbox 1966 2115 2045 2161; x_wconf 93' lang='lat' dir='ltr'>vel</span> <span class='ocrx_word' id='word_1_241' title='bbox 2090 2115 2187 2160; x_wconf 89' lang='lat' dir='ltr'>hiis</span> <span class='ocrx_word' id='word_1_242' title='bbox 2230 2130 2356 2177; x_wconf 91' lang='lat' dir='ltr'>quos</span> 
     </span>
     <span class='ocr_line' id='line_1_27' title="bbox 303 2174 2357 2236; baseline 0.001 -15"><span class='ocrx_word' id='word_1_243' title='bbox 303 2180 579 2222; x_wconf 90' lang='lat' dir='ltr'>conuentus</span> <span class='ocrx_word' id='word_1_244' title='bbox 623 2178 965 2236; x_wconf 89' lang='lat' dir='ltr'>assignauerit,</span> <span class='ocrx_word' id='word_1_245' title='bbox 1012 2177 1235 2236; x_wconf 87' lang='lat' dir='ltr'>plenarie</span> <span class='ocrx_word' id='word_1_246' title='bbox 1281 2177 1519 2235; x_wconf 88' lang='lat' dir='ltr'>reddatis,</span> <span class='ocrx_word' id='word_1_247' title='bbox 1557 2178 1625 2223; x_wconf 90' lang='lat' dir='ltr'>ita</span> <span class='ocrx_word' id='word_1_248' title='bbox 1664 2177 1745 2224; x_wconf 80' lang='lat' dir='ltr'>vt¹¹</span> <span class='ocrx_word' id='word_1_249' title='bbox 1784 2174 2089 2225; x_wconf 83' lang='lat' dir='ltr'>conuentui¹²</span> <span class='ocrx_word' id='word_1_250' title='bbox 2125 2178 2190 2225; x_wconf 90' lang='lat' dir='ltr'>de</span> <span class='ocrx_word' id='word_1_251' title='bbox 2226 2181 2357 2225; x_wconf 83' lang='lat' dir='ltr'>statu</span> 
     </span>
     <span class='ocr_line' id='line_1_28' title="bbox 303 2239 1289 2299; baseline 0.002 -15"><span class='ocrx_word' id='word_1_252' title='bbox 303 2239 481 2285; x_wconf 89' lang='lat' dir='ltr'>domus</span> <span class='ocrx_word' id='word_1_253' title='bbox 505 2243 673 2285; x_wconf 82' lang='lat' dir='ltr'>constet</span> <span class='ocrx_word' id='word_1_254' title='bbox 696 2241 989 2286; x_wconf 77' lang='lat' dir='ltr'>euz&#39;denter.¹³</span> <span class='ocrx_word' id='word_1_255' title='bbox 1157 2295 1162 2299; x_wconf 22' lang='lat'><strong>⁴</strong></span> <span class='ocrx_word' id='word_1_256' title='bbox 1281 2241 1289 2246; x_wconf 71' lang='grc'><em>“</em></span> 
     </span>
    </p>

    <p class='ocr_par' dir='ltr' id='par_1_6' title="bbox 300 2304 2355 2921">
     <span class='ocr_line' id='line_1_29' title="bbox 433 2304 2355 2364; baseline 0.001 -15"><span class='ocrx_word' id='word_1_257' title='bbox 433 2304 559 2349; x_wconf 89' lang='lat' dir='ltr'>Item</span> <span class='ocrx_word' id='word_1_258' title='bbox 595 2305 898 2363; x_wconf 90' lang='lat' dir='ltr'>iniungimus</span> <span class='ocrx_word' id='word_1_259' title='bbox 934 2307 983 2350; x_wconf 89' lang='lat' dir='ltr'>et</span> <span class='ocrx_word' id='word_1_260' title='bbox 1020 2304 1315 2350; x_wconf 88' lang='lat' dir='ltr'>mandamus</span> <span class='ocrx_word' id='word_1_261' title='bbox 1350 2305 1494 2351; x_wconf 90' lang='lat' dir='ltr'>vobis</span> <span class='ocrx_word' id='word_1_262' title='bbox 1530 2305 1683 2364; x_wconf 87' lang='lat' dir='ltr'>priori</span> <span class='ocrx_word' id='word_1_263' title='bbox 1721 2320 1854 2351; x_wconf 91' lang='lat' dir='ltr'>nunc</span> <span class='ocrx_word' id='word_1_264' title='bbox 1877 2308 1926 2351; x_wconf 91' lang='lat' dir='ltr'>et</span> <span class='ocrx_word' id='word_1_265' title='bbox 1949 2305 2155 2352; x_wconf 88' lang='lat' dir='ltr'>cuilibet</span> <span class='ocrx_word' id='word_1_266' title='bbox 2188 2308 2355 2352; x_wconf 88' lang='lat' dir='ltr'>vestro</span> 
     </span>
     <span class='ocr_line' id='line_1_30' title="bbox 303 2367 2354 2427; baseline 0.001 -16"><span class='ocrx_word' id='word_1_267' title='bbox 303 2368 592 2422; x_wconf 87' lang='lat' dir='ltr'>successori,</span> <span class='ocrx_word' id='word_1_268' title='bbox 635 2368 727 2413; x_wconf 89' lang='lat' dir='ltr'>sub</span> <span class='ocrx_word' id='word_1_269' title='bbox 773 2382 902 2426; x_wconf 90' lang='lat' dir='ltr'>pena</span> <span class='ocrx_word' id='word_1_270' title='bbox 947 2368 1250 2427; x_wconf 90' lang='lat' dir='ltr'>priuacionis</span> <span class='ocrx_word' id='word_1_271' title='bbox 1295 2371 1344 2414; x_wconf 93' lang='lat' dir='ltr'>et</span> <span class='ocrx_word' id='word_1_272' title='bbox 1383 2369 1659 2414; x_wconf 90' lang='lat' dir='ltr'>amocionis</span> <span class='ocrx_word' id='word_1_273' title='bbox 1698 2367 1860 2414; x_wconf 90' lang='lat' dir='ltr'>finalis</span> <span class='ocrx_word' id='word_1_274' title='bbox 1897 2370 2047 2415; x_wconf 88' lang='lat' dir='ltr'>vestri</span> <span class='ocrx_word' id='word_1_275' title='bbox 2087 2372 2137 2415; x_wconf 88' lang='lat' dir='ltr'>et</span> <span class='ocrx_word' id='word_1_276' title='bbox 2177 2369 2250 2414; x_wconf 91' lang='lat' dir='ltr'>sui</span> <span class='ocrx_word' id='word_1_277' title='bbox 2290 2369 2354 2415; x_wconf 90' lang='lat' dir='ltr'>ab</span> 
     </span>
     <span class='ocr_line' id='line_1_31' title="bbox 303 2429 2354 2493; baseline 0.001 -18"><span class='ocrx_word' id='word_1_278' title='bbox 303 2429 587 2476; x_wconf 89' lang='lat' dir='ltr'>huiusmodi</span> <span class='ocrx_word' id='word_1_279' title='bbox 628 2433 759 2476; x_wconf 86' lang='lat' dir='ltr'>statu</span> <span class='ocrx_word' id='word_1_280' title='bbox 805 2434 853 2476; x_wconf 91' lang='lat' dir='ltr'>et</span> <span class='ocrx_word' id='word_1_281' title='bbox 899 2431 1143 2490; x_wconf 87' lang='lat' dir='ltr'>dignitate</span> <span class='ocrx_word' id='word_1_282' title='bbox 1183 2434 1347 2477; x_wconf 87' lang='lat' dir='ltr'>vestra</span> <span class='ocrx_word' id='word_1_283' title='bbox 1386 2434 1436 2476; x_wconf 92' lang='lat' dir='ltr'>et</span> <span class='ocrx_word' id='word_1_284' title='bbox 1475 2447 1575 2487; x_wconf 89' lang='lat' dir='ltr'>sua,</span> <span class='ocrx_word' id='word_1_285' title='bbox 1617 2431 1754 2493; x_wconf 92' lang='lat' dir='ltr'>quod</span> <span class='ocrx_word' id='word_1_286' title='bbox 1795 2432 2031 2478; x_wconf 91' lang='lat' dir='ltr'>decetero</span> <span class='ocrx_word' id='word_1_287' title='bbox 2076 2433 2354 2493; x_wconf 90' lang='lat' dir='ltr'>cuicunque</span> 
     </span>
     <span class='ocr_line' id='line_1_32' title="bbox 301 2494 2354 2554; baseline 0.001 -16"><span class='ocrx_word' id='word_1_288' title='bbox 301 2508 516 2552; x_wconf 88' lang='lat' dir='ltr'>persone</span> <span class='ocrx_word' id='word_1_289' title='bbox 557 2494 800 2548; x_wconf 76' lang='lat' dir='ltr'>corrodia,</span> <span class='ocrx_word' id='word_1_290' title='bbox 842 2495 1186 2550; x_wconf 90' lang='lat' dir='ltr'>liberaciones‚</span> <span class='ocrx_word' id='word_1_291' title='bbox 1228 2495 1497 2554; x_wconf 89' lang='lat' dir='ltr'>pensiones</span> <span class='ocrx_word' id='word_1_292' title='bbox 1537 2510 1625 2541; x_wconf 87' lang='lat' dir='ltr'>seu</span> <span class='ocrx_word' id='word_1_293' title='bbox 1664 2496 1945 2541; x_wconf 90' lang='lat' dir='ltr'>annuitates</span> <span class='ocrx_word' id='word_1_294' title='bbox 1985 2495 2050 2541; x_wconf 92' lang='lat' dir='ltr'>ad</span> <span class='ocrx_word' id='word_1_295' title='bbox 2086 2496 2354 2542; x_wconf 90' lang='lat' dir='ltr'>terminum</span> 
     </span>
     <span class='ocr_line' id='line_1_33' title="bbox 301 2557 2355 2619; baseline 0.001 -18"><span class='ocrx_word' id='word_1_296' title='bbox 301 2557 415 2612; x_wconf 88' lang='lat' dir='ltr'>vite,</span> <span class='ocrx_word' id='word_1_297' title='bbox 440 2557 506 2602; x_wconf 90' lang='lat' dir='ltr'>ad</span> <span class='ocrx_word' id='word_1_298' title='bbox 542 2561 733 2603; x_wconf 91' lang='lat' dir='ltr'>certum</span> <span class='ocrx_word' id='word_1_299' title='bbox 771 2562 968 2617; x_wconf 87' lang='lat' dir='ltr'>tempus</span> <span class='ocrx_word' id='word_1_300' title='bbox 1004 2558 1082 2604; x_wconf 90' lang='lat' dir='ltr'>vel</span> <span class='ocrx_word' id='word_1_301' title='bbox 1121 2558 1544 2617; x_wconf 84' lang='lat' dir='ltr'>imperpetuum,¹⁴</span> <span class='ocrx_word' id='word_1_302' title='bbox 1579 2562 1665 2604; x_wconf 78' lang='lat' dir='ltr'>aut</span> <span class='ocrx_word' id='word_1_303' title='bbox 1701 2573 1907 2605; x_wconf 92' lang='lat' dir='ltr'>nemora</span> <span class='ocrx_word' id='word_1_304' title='bbox 1941 2559 2146 2619; x_wconf 89' lang='lat' dir='ltr'>antiqua</span> <span class='ocrx_word' id='word_1_305' title='bbox 2180 2561 2232 2605; x_wconf 93' lang='lat' dir='ltr'>et</span> <span class='ocrx_word' id='word_1_306' title='bbox 2253 2573 2355 2605; x_wconf 91' lang='lat' dir='ltr'>non</span> 
     </span>
     <span class='ocr_line' id='line_1_34' title="bbox 302 2620 2355 2682; baseline 0.001 -17"><span class='ocrx_word' id='word_1_307' title='bbox 302 2620 476 2676; x_wconf 86' lang='lat' dir='ltr'>cedua,</span> <span class='ocrx_word' id='word_1_308' title='bbox 524 2624 843 2682; x_wconf 87' lang='lat' dir='ltr'>preterquam</span> <span class='ocrx_word' id='word_1_309' title='bbox 892 2622 957 2668; x_wconf 90' lang='lat' dir='ltr'>ad</span> <span class='ocrx_word' id='word_1_310' title='bbox 1003 2623 1354 2681; x_wconf 86' lang='lat' dir='ltr'>reparaciones</span> <span class='ocrx_word' id='word_1_311' title='bbox 1409 2623 1715 2668; x_wconf 87' lang='lat' dir='ltr'>necessarias</span> <span class='ocrx_word' id='word_1_312' title='bbox 1769 2622 2040 2677; x_wconf 83' lang='lat' dir='ltr'>faciendas,</span> <span class='ocrx_word' id='word_1_313' title='bbox 2089 2622 2355 2668; x_wconf 91' lang='lat' dir='ltr'>nullatinus</span> 
     </span>
     <span class='ocr_line' id='line_1_35' title="bbox 301 2683 2355 2745; baseline 0.001 -17"><span class='ocrx_word' id='word_1_314' title='bbox 301 2683 542 2739; x_wconf 88' lang='lat' dir='ltr'>vendatis,</span> <span class='ocrx_word' id='word_1_315' title='bbox 591 2684 881 2731; x_wconf 88' lang='lat' dir='ltr'>concedatis</span> <span class='ocrx_word' id='word_1_316' title='bbox 925 2685 1004 2731; x_wconf 91' lang='lat' dir='ltr'>vel</span> <span class='ocrx_word' id='word_1_317' title='bbox 1049 2686 1376 2744; x_wconf 87' lang='lat' dir='ltr'>prosternatis</span> <span class='ocrx_word' id='word_1_318' title='bbox 1420 2688 1505 2731; x_wconf 90' lang='lat' dir='ltr'>aut</span> <span class='ocrx_word' id='word_1_319' title='bbox 1550 2685 1832 2742; x_wconf 88' lang='lat' dir='ltr'>succidatis,</span> <span class='ocrx_word' id='word_1_320' title='bbox 1879 2686 1973 2731; x_wconf 88' lang='lat' dir='ltr'>nisi</span> <span class='ocrx_word' id='word_1_321' title='bbox 2030 2685 2095 2731; x_wconf 93' lang='lat' dir='ltr'>de</span> <span class='ocrx_word' id='word_1_322' title='bbox 2150 2686 2355 2745; x_wconf 90' lang='lat' dir='ltr'>speciali</span> 
     </span>
     <span class='ocr_line' id='line_1_36' title="bbox 300 2747 2352 2808; baseline 0.001 -17"><span class='ocrx_word' id='word_1_323' title='bbox 300 2747 511 2793; x_wconf 90' lang='lat' dir='ltr'>licencia</span> <span class='ocrx_word' id='word_1_324' title='bbox 535 2749 690 2794; x_wconf 88' lang='lat' dir='ltr'>nostri</span> <span class='ocrx_word' id='word_1_325' title='bbox 715 2748 793 2794; x_wconf 88' lang='lat' dir='ltr'>vel</span> <span class='ocrx_word' id='word_1_326' title='bbox 817 2763 1161 2794; x_wconf 90' lang='lat' dir='ltr'>successorum</span> <span class='ocrx_word' id='word_1_327' title='bbox 1196 2751 1494 2802; x_wconf 77' lang='lat' dir='ltr'>nostrorum,</span> <span class='ocrx_word' id='word_1_328' title='bbox 1520 2749 1874 2808; x_wconf 87' lang='lat' dir='ltr'>episcoporum</span> <span class='ocrx_word' id='word_1_329' title='bbox 1914 2748 2352 2805; x_wconf 90' lang='lat' dir='ltr'>Lincolniensium‚</span> 
     </span>
     <span class='ocr_line' id='line_1_37' title="bbox 301 2811 2354 2871; baseline 0.002 -16"><span class='ocrx_word' id='word_1_330' title='bbox 301 2811 458 2869; x_wconf 84' lang='lat' dir='ltr'>petita</span> <span class='ocrx_word' id='word_1_331' title='bbox 481 2812 709 2869; x_wconf 87' lang='lat' dir='ltr'>primitus</span> <span class='ocrx_word' id='word_1_332' title='bbox 733 2816 783 2857; x_wconf 89' lang='lat' dir='ltr'>et</span> <span class='ocrx_word' id='word_1_333' title='bbox 806 2812 1027 2868; x_wconf 88' lang='lat' dir='ltr'>obtenta,</span> <span class='ocrx_word' id='word_1_334' title='bbox 1054 2815 1102 2858; x_wconf 93' lang='lat' dir='ltr'>et</span> <span class='ocrx_word' id='word_1_335' title='bbox 1127 2812 1329 2858; x_wconf 90' lang='lat' dir='ltr'>maioris</span> <span class='ocrx_word' id='word_1_336' title='bbox 1353 2815 1402 2858; x_wconf 93' lang='lat' dir='ltr'>et</span> <span class='ocrx_word' id='word_1_337' title='bbox 1426 2813 1636 2858; x_wconf 90' lang='lat' dir='ltr'>sanioris</span> <span class='ocrx_word' id='word_1_338' title='bbox 1659 2813 1815 2871; x_wconf 89' lang='lat' dir='ltr'>partis</span> <span class='ocrx_word' id='word_1_339' title='bbox 1837 2815 2116 2859; x_wconf 89' lang='lat' dir='ltr'>conuentus</span> <span class='ocrx_word' id='word_1_340' title='bbox 2150 2812 2217 2858; x_wconf 88' lang='lat' dir='ltr'>ad</span> <span class='ocrx_word' id='word_1_341' title='bbox 2256 2812 2354 2859; x_wconf 87' lang='lat' dir='ltr'>hoc</span> 
     </span>
     <span class='ocr_line' id='line_1_38' title="bbox 301 2874 861 2921; baseline 0.004 -2"><span class='ocrx_word' id='word_1_342' title='bbox 301 2874 576 2920; x_wconf 88' lang='lat' dir='ltr'>accedente</span> <span class='ocrx_word' id='word_1_343' title='bbox 601 2889 861 2921; x_wconf 89' lang='lat' dir='ltr'>consensu.</span> 
     </span>
    </p>

    <p class='ocr_par' dir='ltr' id='par_1_7' title="bbox 431 2938 2353 3004">
     <span class='ocr_line' id='line_1_39' title="bbox 431 2938 2353 3004; baseline 0.001 -22"><span class='ocrx_word' id='word_1_344' title='bbox 431 2938 696 2983; x_wconf 91' lang='lat' dir='ltr'>Monemus</span> <span class='ocrx_word' id='word_1_345' title='bbox 729 2939 878 2998; x_wconf 89' lang='lat' dir='ltr'>igitur</span> <span class='ocrx_word' id='word_1_346' title='bbox 901 2938 1026 2985; x_wconf 74' lang='lat' dir='ltr'>vos¹⁵</span> <span class='ocrx_word' id='word_1_347' title='bbox 1049 2953 1224 2985; x_wconf 91' lang='lat' dir='ltr'>omnes</span> <span class='ocrx_word' id='word_1_348' title='bbox 1248 2942 1297 2985; x_wconf 87' lang='lat' dir='ltr'>et</span> <span class='ocrx_word' id='word_1_349' title='bbox 1321 2939 1554 2999; x_wconf 89' lang='lat' dir='ltr'>singulos,</span> <span class='ocrx_word' id='word_1_350' title='bbox 1581 2941 1839 2998; x_wconf 90' lang='lat' dir='ltr'>presentes</span> <span class='ocrx_word' id='word_1_351' title='bbox 1864 2941 1913 2985; x_wconf 93' lang='lat' dir='ltr'>et</span> <span class='ocrx_word' id='word_1_352' title='bbox 1944 2939 2151 2995; x_wconf 79' lang='lat' dir='ltr'>futuros,</span> <span class='ocrx_word' id='word_1_353' title='bbox 2177 2939 2353 3004; x_wconf 54' lang='lat' dir='ltr'>primo,</span> 
     </span>
    </p>
   </div>
   <div class='ocr_carea' id='block_1_4' title="bbox 300 3048 2356 3919">
    <p class='ocr_par' dir='ltr' id='par_1_8' title="bbox 404 3048 2160 3100">
     <span class='ocr_line' id='line_1_40' title="bbox 404 3048 2160 3100; baseline 0.001 -14"><span class='ocrx_word' id='word_1_354' title='bbox 404 3048 416 3072; x_wconf 83' lang='lat'><strong>¹</strong></span> <span class='ocrx_word' id='word_1_355' title='bbox 447 3050 663 3088; x_wconf 87' lang='lat' dir='ltr'>Interlined</span> <span class='ocrx_word' id='word_1_356' title='bbox 681 3051 807 3088; x_wconf 87' lang='lat' dir='ltr'>above</span> <span class='ocrx_word' id='word_1_357' title='bbox 827 3053 975 3097; x_wconf 87' lang='lat' dir='ltr'>missas,</span> <span class='ocrx_word' id='word_1_358' title='bbox 995 3051 1089 3088; x_wconf 89' lang='lat' dir='ltr'>then</span> <span class='ocrx_word' id='word_1_359' title='bbox 1109 3051 1328 3088; x_wconf 80' lang='lat' dir='ltr'>matutinas</span> <span class='ocrx_word' id='word_1_360' title='bbox 1346 3052 1461 3089; x_wconf 80' lang='lat' dir='ltr'>horas</span> <span class='ocrx_word' id='word_1_361' title='bbox 1478 3063 1564 3100; x_wconf 82' lang='lat' dir='ltr'>que,</span> <span class='ocrx_word' id='word_1_362' title='bbox 1588 3051 1681 3088; x_wconf 81' lang='lat' dir='ltr'>then</span> <span class='ocrx_word' id='word_1_363' title='bbox 1702 3054 1853 3097; x_wconf 71' lang='lat' dir='ltr'>missas,</span> <span class='ocrx_word' id='word_1_364' title='bbox 1874 3052 1926 3089; x_wconf 86' lang='lat' dir='ltr'>all</span> <span class='ocrx_word' id='word_1_365' title='bbox 1947 3051 2160 3089; x_wconf 88' lang='lat' dir='ltr'>cancelled.</span> 
     </span>
    </p>

    <p class='ocr_par' dir='ltr' id='par_1_9' title="bbox 402 3099 1797 3151">
     <span class='ocr_line' id='line_1_41' title="bbox 402 3099 1797 3151; baseline 0 -13"><span class='ocrx_word' id='word_1_366' title='bbox 402 3099 419 3122; x_wconf 81' lang='lat'>2</span> <span class='ocrx_word' id='word_1_367' title='bbox 448 3101 625 3150; x_wconf 89' lang='lat' dir='ltr'>Possibly</span> <span class='ocrx_word' id='word_1_368' title='bbox 645 3102 834 3140; x_wconf 82' lang='lat' dir='ltr'>intended</span> <span class='ocrx_word' id='word_1_369' title='bbox 852 3103 910 3139; x_wconf 69' lang='lat' dir='ltr'>for</span> <span class='ocrx_word' id='word_1_370' title='bbox 928 3104 1039 3140; x_wconf 82' lang='lat' dir='ltr'>omni</span> <span class='ocrx_word' id='word_1_371' title='bbox 1053 3116 1063 3148; x_wconf 85' lang='lat'><em>3</em></span> <span class='ocrx_word' id='word_1_372' title='bbox 1093 3103 1161 3139; x_wconf 89' lang='lat' dir='ltr'>but</span> <span class='ocrx_word' id='word_1_373' title='bbox 1179 3115 1267 3140; x_wconf 85' lang='lat' dir='ltr'>cum</span> <span class='ocrx_word' id='word_1_374' title='bbox 1286 3102 1318 3140; x_wconf 90' lang='lat' dir='ltr'>is</span> <span class='ocrx_word' id='word_1_375' title='bbox 1338 3103 1445 3140; x_wconf 86' lang='lat' dir='ltr'>usual</span> <span class='ocrx_word' id='word_1_376' title='bbox 1465 3103 1505 3140; x_wconf 89' lang='lat' dir='ltr'>in</span> <span class='ocrx_word' id='word_1_377' title='bbox 1523 3102 1604 3140; x_wconf 89' lang='lat' dir='ltr'>like</span> <span class='ocrx_word' id='word_1_378' title='bbox 1624 3102 1797 3151; x_wconf 86' lang='lat' dir='ltr'>phrases.</span> 
     </span>
    </p>

    <p class='ocr_par' dir='ltr' id='par_1_10' title="bbox 301 3151 2352 3254">
     <span class='ocr_line' id='line_1_42' title="bbox 402 3151 2352 3202; baseline 0.001 -14"><span class='ocrx_word' id='word_1_379' title='bbox 402 3151 417 3174; x_wconf 84' lang='lat'>³</span> <span class='ocrx_word' id='word_1_380' title='bbox 445 3153 532 3189; x_wconf 80' lang='lat' dir='ltr'>Sic:</span> <span class='ocrx_word' id='word_1_381' title='bbox 551 3153 737 3200; x_wconf 77' lang='lat' dir='ltr'>fra‘rum</span> <span class='ocrx_word' id='word_1_382' title='bbox 770 3155 918 3190; x_wconf 75' lang='lat' dir='ltr'>clauem</span> <span class='ocrx_word' id='word_1_383' title='bbox 948 3167 1062 3190; x_wconf 84' lang='lat' dir='ltr'>suam</span> <span class='ocrx_word' id='word_1_384' title='bbox 1089 3164 1160 3200; x_wconf 79' lang='lat' dir='ltr'>pro</span> <span class='ocrx_word' id='word_1_385' title='bbox 1189 3153 1260 3190; x_wconf 79' lang='lat' dir='ltr'>hac</span> <span class='ocrx_word' id='word_1_386' title='bbox 1286 3155 1367 3191; x_wconf 82' lang='lat' dir='ltr'>vice</span> <span class='ocrx_word' id='word_1_387' title='bbox 1393 3155 1470 3191; x_wconf 85' lang='lat' dir='ltr'>sibi</span> <span class='ocrx_word' id='word_1_388' title='bbox 1486 3155 1540 3191; x_wconf 85' lang='lat' dir='ltr'>ad</span> <span class='ocrx_word' id='word_1_389' title='bbox 1553 3157 1688 3190; x_wconf 79' lang='lat' dir='ltr'>statim</span> <span class='ocrx_word' id='word_1_390' title='bbox 1709 3154 1858 3201; x_wconf 75' lang='lat' dir='ltr'>negocio</span> <span class='ocrx_word' id='word_1_391' title='bbox 1875 3154 2048 3202; x_wconf 80' lang='lat' dir='ltr'>expedito</span> <span class='ocrx_word' id='word_1_392' title='bbox 2067 3154 2352 3191; x_wconf 81' lang='lat' dir='ltr'>reliberandam</span> 
     </span>
     <span class='ocr_line' id='line_1_43' title="bbox 301 3204 2326 3254; baseline 0.001 -15"><span class='ocrx_word' id='word_1_393' title='bbox 301 3204 502 3240; x_wconf 84' lang='lat' dir='ltr'>cancelled</span> <span class='ocrx_word' id='word_1_394' title='bbox 521 3204 561 3241; x_wconf 93' lang='lat' dir='ltr'>in</span> <span class='ocrx_word' id='word_1_395' title='bbox 582 3204 741 3253; x_wconf 87' lang='lat' dir='ltr'>margin.</span> <span class='ocrx_word' id='word_1_396' title='bbox 796 3205 907 3242; x_wconf 82' lang='lat' dir='ltr'>After</span> <span class='ocrx_word' id='word_1_397' title='bbox 922 3205 999 3243; x_wconf 87' lang='lat' dir='ltr'>this</span> <span class='ocrx_word' id='word_1_398' title='bbox 1017 3218 1093 3243; x_wconf 87' lang='lat' dir='ltr'>was</span> <span class='ocrx_word' id='word_1_399' title='bbox 1113 3205 1329 3251; x_wconf 87' lang='lat' dir='ltr'>cancelled,</span> <span class='ocrx_word' id='word_1_400' title='bbox 1351 3205 1418 3243; x_wconf 87' lang='lat' dir='ltr'>the</span> <span class='ocrx_word' id='word_1_401' title='bbox 1437 3205 1617 3254; x_wconf 80' lang='lat' dir='ltr'>registrar</span> <span class='ocrx_word' id='word_1_402' title='bbox 1636 3205 1765 3252; x_wconf 84' lang='lat' dir='ltr'>forgot</span> <span class='ocrx_word' id='word_1_403' title='bbox 1784 3210 1825 3242; x_wconf 83' lang='lat' dir='ltr'>to</span> <span class='ocrx_word' id='word_1_404' title='bbox 1843 3206 1941 3242; x_wconf 81' lang='lat' dir='ltr'>alter</span> <span class='ocrx_word' id='word_1_405' title='bbox 1961 3205 2069 3242; x_wconf 84' lang='lat' dir='ltr'>alius</span> <span class='ocrx_word' id='word_1_406' title='bbox 2086 3204 2170 3242; x_wconf 91' lang='lat' dir='ltr'>into</span> <span class='ocrx_word' id='word_1_407' title='bbox 2188 3205 2326 3242; x_wconf 85' lang='lat' dir='ltr'>aliam.</span> 
     </span>
    </p>

    <p class='ocr_par' dir='ltr' id='par_1_11' title="bbox 403 3254 833 3305">
     <span class='ocr_line' id='line_1_44' title="bbox 403 3254 833 3305; baseline 0 -13"><span class='ocrx_word' id='word_1_408' title='bbox 403 3254 418 3276; x_wconf 75' lang='lat'>4</span> <span class='ocrx_word' id='word_1_409' title='bbox 448 3255 589 3292; x_wconf 89' lang='lat' dir='ltr'>Added</span> <span class='ocrx_word' id='word_1_410' title='bbox 608 3256 648 3293; x_wconf 87' lang='lat' dir='ltr'>in</span> <span class='ocrx_word' id='word_1_411' title='bbox 668 3255 833 3305; x_wconf 87' lang='lat' dir='ltr'>margin.</span> 
     </span>
    </p>

    <p class='ocr_par' dir='ltr' id='par_1_12' title="bbox 402 3305 1520 3356">
     <span class='ocr_line' id='line_1_45' title="bbox 402 3305 1520 3356; baseline 0.002 -14"><span class='ocrx_word' id='word_1_412' title='bbox 402 3305 417 3329; x_wconf 82' lang='lat'>⁵</span> <span class='ocrx_word' id='word_1_413' title='bbox 442 3308 509 3343; x_wconf 85' lang='lat' dir='ltr'>sed</span> <span class='ocrx_word' id='word_1_414' title='bbox 524 3307 723 3344; x_wconf 88' lang='lat' dir='ltr'>cancelled</span> <span class='ocrx_word' id='word_1_415' title='bbox 741 3321 749 3345; x_wconf 75' lang='grc' dir='ltr'>ε</span> <span class='ocrx_word' id='word_1_416' title='bbox 779 3308 959 3356; x_wconf 79' lang='lat' dir='ltr'>alioquin</span> <span class='ocrx_word' id='word_1_417' title='bbox 978 3307 1187 3345; x_wconf 87' lang='lat' dir='ltr'>interlined</span> <span class='ocrx_word' id='word_1_418' title='bbox 1207 3307 1285 3344; x_wconf 91' lang='lat' dir='ltr'>and</span> <span class='ocrx_word' id='word_1_419' title='bbox 1305 3307 1520 3346; x_wconf 86' lang='lat' dir='ltr'>cancelled.</span> 
     </span>
    </p>

    <p class='ocr_par' dir='ltr' id='par_1_13' title="bbox 402 3355 898 3408">
     <span class='ocr_line' id='line_1_46' title="bbox 402 3355 898 3408; baseline 0.002 -14"><span class='ocrx_word' id='word_1_420' title='bbox 402 3355 418 3379; x_wconf 76' lang='lat'><strong>⁶</strong></span> <span class='ocrx_word' id='word_1_421' title='bbox 445 3358 607 3395; x_wconf 86' lang='lat' dir='ltr'>Altered</span> <span class='ocrx_word' id='word_1_422' title='bbox 629 3358 726 3396; x_wconf 87' lang='lat' dir='ltr'>from</span> <span class='ocrx_word' id='word_1_423' title='bbox 747 3360 898 3408; x_wconf 79' lang='lat' dir='ltr'>prima.</span> 
     </span>
    </p>

    <p class='ocr_par' dir='ltr' id='par_1_14' title="bbox 300 3407 2356 3752">
     <span class='ocr_line' id='line_1_47' title="bbox 403 3407 2352 3458; baseline 0.001 -13"><span class='ocrx_word' id='word_1_424' title='bbox 403 3407 418 3431; x_wconf 86' lang='lat'>⁷</span> <span class='ocrx_word' id='word_1_425' title='bbox 444 3410 482 3445; x_wconf 80' lang='lat' dir='ltr'>A</span> <span class='ocrx_word' id='word_1_426' title='bbox 500 3409 636 3458; x_wconf 87' lang='lat' dir='ltr'>saving</span> <span class='ocrx_word' id='word_1_427' title='bbox 668 3410 796 3447; x_wconf 86' lang='lat' dir='ltr'>clause</span> <span class='ocrx_word' id='word_1_428' title='bbox 827 3410 897 3447; x_wconf 88' lang='lat' dir='ltr'>has</span> <span class='ocrx_word' id='word_1_429' title='bbox 929 3415 968 3447; x_wconf 87' lang='lat' dir='ltr'>at</span> <span class='ocrx_word' id='word_1_430' title='bbox 1004 3409 1082 3447; x_wconf 82' lang='lat' dir='ltr'>this</span> <span class='ocrx_word' id='word_1_431' title='bbox 1117 3409 1228 3458; x_wconf 88' lang='lat' dir='ltr'>point</span> <span class='ocrx_word' id='word_1_432' title='bbox 1265 3409 1365 3447; x_wconf 89' lang='lat' dir='ltr'>been</span> <span class='ocrx_word' id='word_1_433' title='bbox 1401 3409 1623 3453; x_wconf 86' lang='lat' dir='ltr'>interlined,</span> <span class='ocrx_word' id='word_1_434' title='bbox 1656 3408 1877 3458; x_wconf 86' lang='lat' dir='ltr'>completed</span> <span class='ocrx_word' id='word_1_435' title='bbox 1915 3407 1954 3445; x_wconf 90' lang='lat' dir='ltr'>in</span> <span class='ocrx_word' id='word_1_436' title='bbox 1992 3409 2058 3446; x_wconf 84' lang='lat' dir='ltr'>the</span> <span class='ocrx_word' id='word_1_437' title='bbox 2091 3409 2241 3458; x_wconf 84' lang='lat' dir='ltr'>margin</span> <span class='ocrx_word' id='word_1_438' title='bbox 2274 3408 2352 3446; x_wconf 89' lang='lat' dir='ltr'>and</span> 
     </span>
     <span class='ocr_line' id='line_1_48' title="bbox 301 3458 2354 3510; baseline 0 -14"><span class='ocrx_word' id='word_1_439' title='bbox 301 3460 527 3497; x_wconf 82' lang='lat' dir='ltr'>cancelled:</span> <span class='ocrx_word' id='word_1_440' title='bbox 558 3463 640 3497; x_wconf 82' lang='lat' dir='ltr'>nisi</span> <span class='ocrx_word' id='word_1_441' title='bbox 672 3461 787 3498; x_wconf 64' lang='lat' dir='ltr'>obstet</span> <span class='ocrx_word' id='word_1_442' title='bbox 820 3462 986 3510; x_wconf 84' lang='lat' dir='ltr'>aliquod</span> <span class='ocrx_word' id='word_1_443' title='bbox 1017 3462 1259 3502; x_wconf 79' lang='lat' dir='ltr'>canonicum,</span> <span class='ocrx_word' id='word_1_444' title='bbox 1292 3474 1366 3510; x_wconf 84' lang='lat' dir='ltr'>quo</span> <span class='ocrx_word' id='word_1_445' title='bbox 1403 3462 1447 3497; x_wconf 80' lang='lat' dir='ltr'>in</span> <span class='ocrx_word' id='word_1_446' title='bbox 1484 3474 1574 3498; x_wconf 86' lang='lat' dir='ltr'><em>casu</em></span> <span class='ocrx_word' id='word_1_447' title='bbox 1611 3461 1822 3509; x_wconf 77' lang='lat' dir='ltr'>impeditus</span> <span class='ocrx_word' id='word_1_448' title='bbox 1853 3458 1897 3496; x_wconf 86' lang='lat' dir='ltr'>de</span> <span class='ocrx_word' id='word_1_449' title='bbox 1927 3472 2110 3497; x_wconf 79' lang='lat' dir='ltr'>consensu</span> <span class='ocrx_word' id='word_1_450' title='bbox 2140 3466 2354 3498; x_wconf 80' lang='lat' dir='ltr'>conuentus</span> 
     </span>
     <span class='ocr_line' id='line_1_49' title="bbox 301 3511 2352 3560; baseline 0.001 -15"><span class='ocrx_word' id='word_1_451' title='bbox 301 3511 479 3548; x_wconf 82' lang='lat' dir='ltr'>reliberet</span> <span class='ocrx_word' id='word_1_452' title='bbox 507 3513 627 3548; x_wconf 83' lang='lat' dir='ltr'>alleri</span> <span class='ocrx_word' id='word_1_453' title='bbox 653 3511 832 3556; x_wconf 79' lang='lat' dir='ltr'>fratrum</span> <span class='ocrx_word' id='word_1_454' title='bbox 860 3514 1008 3549; x_wconf 80' lang='lat' dir='ltr'>clauem</span> <span class='ocrx_word' id='word_1_455' title='bbox 1036 3525 1149 3548; x_wconf 84' lang='lat' dir='ltr'>suam</span> <span class='ocrx_word' id='word_1_456' title='bbox 1170 3518 1245 3560; x_wconf 82' lang='lat' dir='ltr'>pro</span> <span class='ocrx_word' id='word_1_457' title='bbox 1271 3512 1342 3548; x_wconf 79' lang='lat' dir='ltr'>hac</span> <span class='ocrx_word' id='word_1_458' title='bbox 1368 3513 1462 3557; x_wconf 83' lang='lat' dir='ltr'>vice,</span> <span class='ocrx_word' id='word_1_459' title='bbox 1483 3513 1561 3548; x_wconf 81' lang='lat' dir='ltr'>sibi</span> <span class='ocrx_word' id='word_1_460' title='bbox 1586 3514 1640 3548; x_wconf 88' lang='lat' dir='ltr'>ad</span> <span class='ocrx_word' id='word_1_461' title='bbox 1661 3513 1796 3548; x_wconf 79' lang='lat' dir='ltr'>statim</span> <span class='ocrx_word' id='word_1_462' title='bbox 1824 3512 1974 3558; x_wconf 75' lang='lat' dir='ltr'>negocio</span> <span class='ocrx_word' id='word_1_463' title='bbox 1998 3512 2172 3556; x_wconf 72' lang='lat' dir='ltr'>expedito</span> <span class='ocrx_word' id='word_1_464' title='bbox 2199 3512 2352 3549; x_wconf 79' lang='lat' dir='ltr'>reliber-</span> 
     </span>
     <span class='ocr_line' id='line_1_50' title="bbox 301 3560 2354 3612; baseline 0.001 -17"><span class='ocrx_word' id='word_1_465' title='bbox 301 3562 462 3600; x_wconf 79' lang='lat' dir='ltr'>andam.</span> <span class='ocrx_word' id='word_1_466' title='bbox 530 3563 617 3600; x_wconf 87' lang='lat' dir='ltr'>The</span> <span class='ocrx_word' id='word_1_467' title='bbox 648 3564 778 3601; x_wconf 82' lang='lat' dir='ltr'>clause</span> <span class='ocrx_word' id='word_1_468' title='bbox 807 3564 877 3600; x_wconf 83' lang='lat' dir='ltr'>has</span> <span class='ocrx_word' id='word_1_469' title='bbox 905 3563 1004 3601; x_wconf 88' lang='lat' dir='ltr'>been</span> <span class='ocrx_word' id='word_1_470' title='bbox 1032 3564 1161 3612; x_wconf 89' lang='lat' dir='ltr'>begun</span> <span class='ocrx_word' id='word_1_471' title='bbox 1188 3563 1303 3611; x_wconf 87' lang='lat' dir='ltr'>again</span> <span class='ocrx_word' id='word_1_472' title='bbox 1331 3563 1456 3601; x_wconf 85' lang='lat' dir='ltr'>above</span> <span class='ocrx_word' id='word_1_473' title='bbox 1485 3563 1550 3600; x_wconf 83' lang='lat' dir='ltr'>the</span> <span class='ocrx_word' id='word_1_474' title='bbox 1570 3562 1781 3611; x_wconf 83' lang='lat' dir='ltr'>preceding</span> <span class='ocrx_word' id='word_1_475' title='bbox 1800 3562 1907 3599; x_wconf 90' lang='lat' dir='ltr'>line:</span> <span class='ocrx_word' id='word_1_476' title='bbox 1937 3560 2020 3598; x_wconf 62' lang='lat' dir='ltr'>nisi</span> <span class='ocrx_word' id='word_1_477' title='bbox 2049 3561 2214 3611; x_wconf 81' lang='lat' dir='ltr'>aliquod</span> <span class='ocrx_word' id='word_1_478' title='bbox 2240 3563 2354 3600; x_wconf 83' lang='lat' dir='ltr'>obstet</span> 
     </span>
     <span class='ocr_line' id='line_1_51' title="bbox 300 3612 2356 3663; baseline 0 -14"><span class='ocrx_word' id='word_1_479' title='bbox 300 3612 544 3658; x_wconf 75' lang='lat' dir='ltr'>canonicum,</span> <span class='ocrx_word' id='word_1_480' title='bbox 566 3627 640 3662; x_wconf 85' lang='lat' dir='ltr'>quo</span> <span class='ocrx_word' id='word_1_481' title='bbox 658 3613 718 3659; x_wconf 77' lang='lat' dir='ltr'>in,</span> <span class='ocrx_word' id='word_1_482' title='bbox 739 3615 822 3651; x_wconf 87' lang='lat' dir='ltr'>also</span> <span class='ocrx_word' id='word_1_483' title='bbox 841 3614 1055 3652; x_wconf 86' lang='lat' dir='ltr'>cancelled.</span> <span class='ocrx_word' id='word_1_484' title='bbox 1097 3615 1134 3651; x_wconf 88' lang='lat' dir='ltr'>A</span> <span class='ocrx_word' id='word_1_485' title='bbox 1150 3614 1350 3651; x_wconf 88' lang='lat' dir='ltr'>cancelled</span> <span class='ocrx_word' id='word_1_486' title='bbox 1367 3627 1529 3663; x_wconf 87' lang='lat' dir='ltr'>passage</span> <span class='ocrx_word' id='word_1_487' title='bbox 1549 3614 1587 3650; x_wconf 91' lang='lat' dir='ltr'>in</span> <span class='ocrx_word' id='word_1_488' title='bbox 1604 3614 1670 3651; x_wconf 80' lang='lat' dir='ltr'>the</span> <span class='ocrx_word' id='word_1_489' title='bbox 1685 3613 1849 3661; x_wconf 84' lang='lat' dir='ltr'>margin,</span> <span class='ocrx_word' id='word_1_490' title='bbox 1870 3613 2084 3661; x_wconf 83' lang='lat' dir='ltr'>beginning</span> <span class='ocrx_word' id='word_1_491' title='bbox 2102 3619 2139 3650; x_wconf 84' lang='lat' dir='ltr'>et</span> <span class='ocrx_word' id='word_1_492' title='bbox 2155 3612 2232 3650; x_wconf 85' lang='lat' dir='ltr'>sibi</span> <span class='ocrx_word' id='word_1_493' title='bbox 2249 3618 2356 3650; x_wconf 84' lang='lat' dir='ltr'>vacet</span> 
     </span>
     <span class='ocr_line' id='line_1_52' title="bbox 301 3663 2352 3714; baseline 0.001 -16"><span class='ocrx_word' id='word_1_494' title='bbox 301 3670 344 3699; x_wconf 84' lang='lat' dir='ltr'>vt</span> <span class='ocrx_word' id='word_1_495' title='bbox 375 3677 529 3710; x_wconf 84' lang='lat' dir='ltr'>necesse,</span> <span class='ocrx_word' id='word_1_496' title='bbox 565 3666 659 3702; x_wconf 83' lang='lat' dir='ltr'>with</span> <span class='ocrx_word' id='word_1_497' title='bbox 691 3678 714 3702; x_wconf 90' lang='lat' dir='ltr'>a</span> <span class='ocrx_word' id='word_1_498' title='bbox 744 3666 861 3703; x_wconf 87' lang='lat' dir='ltr'>faded</span> <span class='ocrx_word' id='word_1_499' title='bbox 893 3666 1000 3703; x_wconf 92' lang='lat' dir='ltr'>word</span> <span class='ocrx_word' id='word_1_500' title='bbox 1031 3665 1171 3709; x_wconf 87' lang='lat' dir='ltr'>below,</span> <span class='ocrx_word' id='word_1_501' title='bbox 1204 3678 1292 3713; x_wconf 89' lang='lat' dir='ltr'>may</span> <span class='ocrx_word' id='word_1_502' title='bbox 1326 3666 1374 3702; x_wconf 91' lang='lat' dir='ltr'>be</span> <span class='ocrx_word' id='word_1_503' title='bbox 1404 3678 1427 3702; x_wconf 84' lang='lat' dir='ltr'>a</span> <span class='ocrx_word' id='word_1_504' title='bbox 1458 3665 1562 3702; x_wconf 87' lang='lat' dir='ltr'>third</span> <span class='ocrx_word' id='word_1_505' title='bbox 1592 3669 1758 3714; x_wconf 80' lang='lat' dir='ltr'>attempt</span> <span class='ocrx_word' id='word_1_506' title='bbox 1789 3672 1830 3702; x_wconf 90' lang='lat' dir='ltr'>to</span> <span class='ocrx_word' id='word_1_507' title='bbox 1859 3665 1980 3702; x_wconf 75' lang='lat' dir='ltr'>frame</span> <span class='ocrx_word' id='word_1_508' title='bbox 2010 3664 2088 3702; x_wconf 79' lang='lat' dir='ltr'>this</span> <span class='ocrx_word' id='word_1_509' title='bbox 2117 3663 2352 3702; x_wconf 82' lang='lat' dir='ltr'>abandoned</span> 
     </span>
     <span class='ocr_line' id='line_1_53' title="bbox 302 3715 443 3752; baseline 0.007 -1"><span class='ocrx_word' id='word_1_510' title='bbox 302 3715 443 3752; x_wconf 87' lang='lat' dir='ltr'>clause.</span> 
     </span>
    </p>

    <p class='ocr_par' dir='ltr' id='par_1_15' title="bbox 403 3765 967 3815">
     <span class='ocr_line' id='line_1_54' title="bbox 403 3765 967 3815; baseline 0 -12"><span class='ocrx_word' id='word_1_511' title='bbox 403 3765 419 3788; x_wconf 73' lang='grc' dir='ltr'>Β</span> <span class='ocrx_word' id='word_1_512' title='bbox 439 3767 578 3815; x_wconf 81' lang='lat' dir='ltr'>pe[na]</span> <span class='ocrx_word' id='word_1_513' title='bbox 591 3767 734 3815; x_wconf 68' lang='lat' dir='ltr'>grauis</span> <span class='ocrx_word' id='word_1_514' title='bbox 753 3767 967 3805; x_wconf 87' lang='lat' dir='ltr'>cancelled.</span> 
     </span>
    </p>

    <p class='ocr_par' dir='ltr' id='par_1_16' title="bbox 403 3816 891 3856">
     <span class='ocr_line' id='line_1_55' title="bbox 403 3816 891 3856; baseline 0.002 -3"><span class='ocrx_word' id='word_1_515' title='bbox 403 3816 419 3839; x_wconf 81' lang='lat'>⁹</span> <span class='ocrx_word' id='word_1_516' title='bbox 444 3817 558 3855; x_wconf 81' lang='lat' dir='ltr'>trina</span> <span class='ocrx_word' id='word_1_517' title='bbox 576 3818 658 3856; x_wconf 86' lang='lat' dir='ltr'>vice</span> <span class='ocrx_word' id='word_1_518' title='bbox 676 3819 891 3856; x_wconf 87' lang='lat' dir='ltr'>cancelled.</span> 
     </span>
    </p>

    <p class='ocr_par' dir='ltr' id='par_1_17' title="bbox 386 3866 918 3919">
     <span class='ocr_line' id='line_1_56' title="bbox 386 3866 918 3919; baseline 0 -12"><span class='ocrx_word' id='word_1_519' title='bbox 386 3866 418 3891; x_wconf 86' lang='lat'>¹⁰</span> <span class='ocrx_word' id='word_1_520' title='bbox 445 3869 606 3907; x_wconf 83' lang='lat' dir='ltr'>Altered</span> <span class='ocrx_word' id='word_1_521' title='bbox 627 3871 724 3907; x_wconf 77' lang='lat' dir='ltr'>{rom</span> <span class='ocrx_word' id='word_1_522' title='bbox 746 3871 918 3919; x_wconf 82' lang='lat' dir='ltr'>plenam.</span> 
     </span>
    </p>
   </div>
   <div class='ocr_carea' id='block_1_5' title="bbox 2454 3698 2488 3711">
    <p class='ocr_par' dir='ltr' id='par_1_18' title="bbox 2454 3698 2488 3711">
     <span class='ocr_line' id='line_1_57' title="bbox 2454 3698 2488 3711; baseline 0 0"><span class='ocrx_word' id='word_1_523' title='bbox 2454 3698 2488 3711; x_wconf 57' lang='grc' dir='ltr'><strong><em>Δ</em></strong></span> 
     </span>
    </p>
   </div>
  </div>
 </body>
</html>
