2488 4296
294 419 407 477 213
746 399 1235 459 ALNWICK'S
1321 399 1882 461 VISITATIONS

290 561 505 619 reprisas
544 561 594 605 et
630 559 980 614 resoluciones,
1006 574 1126 619 quas
1149 559 1285 605 idem
1308 559 1691 620 Wykyngstone
1715 562 1976 620 proposuit
1998 575 2250 620 exponere
2283 563 2334 608 in

289 623 553 682 empcione
590 625 996 668 ornamentorum
1033 623 1244 669 ecclesie
1281 622 1345 669 de
1381 638 1627 669 consensu
1662 627 1954 680 conuentuS,
1982 625 2022 670 si
2058 625 2334 685 arreragial

290 690 404 746 post
440 689 729 744 compotum
766 701 908 731 suum
944 689 1115 746 posset
1150 686 1329 743 leuare,
1354 687 1511 733 abbas
1533 687 1762 744 intendit,
1787 691 2025 747 compoto
2049 688 2334 735 huiusmodi

288 749 502 805 reddito,
540 750 709 796 omnia
744 749 1029 796 huiusmodi
1065 749 1276 809 arregia²
1310 750 1404 796 sibi
1441 751 1717 797 imbursare
1741 754 1790 797 et
1813 751 2026 811 amplius
2049 752 2113 798 de
2135 753 2208 798 eis
2232 767 2333 798 non

289 813 610 873 respondere.

418 887 545 932 Item
581 888 814 932 reuentus
851 886 1028 932 domus
1065 886 1129 933 de
1165 886 1298 933 clara
1331 890 1534 946 recepta
1556 887 1722 933 valent
1743 889 1998 934 annuatim
2022 889 2118 935 dcc
2140 889 2255 949 iiijn
2278 889 2332 935 li.

287 950 414 996 vltra
450 949 716 996 commoda
750 951 1104 1009 proueniencia
1136 965 1199 996 ex
1232 951 1496 1006 ieonomia,
1521 966 1616 1010 que
1639 951 1769 997 valet
1804 953 2058 998 annuatim
2082 952 2147 998 ad
2171 955 2334 999 minus

287 1014 352 1059 dc
375 1028 567 1059 marcas
590 1016 640 1060 et
663 1028 724 1060 eo
749 1014 960 1073 amplius
985 1031 994 1071 ;
1031 1017 1081 1060 et
1113 1014 1207 1060 ista
1230 1015 1398 1060 omnia
1421 1014 1648 1060 concelat
1670 1015 1839 1072 abbas,
1866 1018 1975 1072 etc.‚
1999 1019 2051 1062 vt
2074 1017 2168 1062 sibi
2193 1016 2334 1076 plura

291 1077 547 1123 imburset.

415 1140 606 1200 Quibus
629 1141 862 1186 omnibus
885 1141 1193 1196 examinatis,
1219 1140 1354 1187 idem
1391 1140 1696 1186 reuerendus
1731 1144 1875 1202 pater
1909 1142 2031 1189 fecit
2063 1144 2332 1189 conuocari

285 1219 454 1250 coram
494 1219 554 1250 eo
595 1205 645 1249 in
686 1204 839 1250 domo
875 1205 1135 1263 capitulari
1177 1204 1298 1250 dicti
1339 1204 1626 1251 monasterii
1671 1205 1905 1252 abbatem
1946 1209 1996 1252 et
2030 1209 2333 1252 conuentum

284 1268 510 1314 eiusdem
534 1268 644 1323 loci,
674 1270 723 1314 et
746 1268 866 1327 ipsis
891 1268 962 1314 sic
986 1283 1155 1314 coram
1181 1268 1362 1314 eodem
1385 1268 1435 1313 in
1460 1267 1745 1314 huiusmodi
1768 1269 2073 1316 visitacionis
2106 1270 2332 1330 negocio,

284 1330 396 1391 iiij²⁰
451 1331 533 1377 die
589 1331 710 1377 dicti
767 1333 952 1378 mensis
1009 1332 1319 1388 Decembris,
1375 1345 1507 1377 anno
1563 1332 1767 1378 Domini
1818 1333 2040 1389 mccccxl
2087 1333 2331 1392 predicto,

285 1395 582 1441 iudicialiter
619 1395 828 1442 sedente
863 1391 1191 1454 personaliter
1226 1395 1646 1455 comparentibus,
1681 1396 1817 1443 idem
1853 1397 2157 1443 reuerendus
2191 1399 2332 1456 pater

286 1459 559 1517 publicauit
596 1459 812 1505 detecta³
834 1462 884 1504 et
919 1462 1178 1519 comperta
1200 1459 1251 1504 in
1276 1459 1372 1505 hac
1394 1459 1699 1505 visitacionis
1734 1461 2064 1522 inquisicione
2099 1475 2331 1520 prepara-

283 1523 412 1568 toria
433 1539 443 1577 3
480 1525 530 1568 et
563 1523 774 1568 obiectis
796 1522 965 1568 abbati
991 1523 1086 1568 hiis
1110 1538 1207 1584 que
1231 1537 1497 1582 personam
1515 1523 1788 1582 tangebant
1806 1526 1856 1570 et
1873 1523 2056 1570 auditis
2079 1525 2333 1584 responsis

284 1587 385 1631 suis
423 1586 489 1631 ad
529 1586 719 1642 eadem,
761 1586 897 1632 idem
941 1586 1247 1633 reuerendus
1290 1588 1433 1646 pater
1478 1601 1540 1632 ex
1583 1588 1750 1646 gracia
1794 1602 1881 1633 sua
1924 1587 2126 1633 admisit
2168 1588 2332 1647 ipsum

283 1650 519 1695 abbatem
543 1649 608 1695 ad
632 1651 987 1709 purgacionem
1024 1666 1163 1696 suam
1200 1650 1306 1696 sola
1341 1665 1490 1695 manu
1525 1664 1674 1709 super
1709 1651 1917 1697 crimine
1955 1651 2195 1710 sortilegii
2233 1651 2329 1697 sibi

284 1714 515 1770 obiecto;
553 1716 602 1759 et
636 1714 708 1759 sic
747 1729 801 1759 se
840 1729 989 1773 super
1034 1714 1240 1760 crimine
1284 1713 1369 1759 illo
1413 1714 1657 1773 purgauit.
1749 1715 1815 1760 Et
1859 1714 2058 1770 deinde,
2099 1715 2235 1761 salua
2279 1717 2329 1762 et

284 1780 536 1823 reseruata
558 1777 652 1822 sibi
676 1780 924 1836 potestate
947 1777 1166 1824 faciendi
1190 1780 1240 1823 et
1262 1777 1631 1823 transmittendi
1655 1778 1775 1837 ipsis
1793 1778 1964 1824 abbati
1987 1781 2037 1824 et
2059 1778 2327 1825 conuentui

283 1841 624 1887 iniuncciones
647 1844 697 1886 et
721 1841 955 1887 mandata
990 1843 1232 1887 canonica
1271 1841 1546 1887 secundum
1582 1843 1904 1901 exegenciam
1941 1842 2252 1888 detectorum
2277 1845 2328 1888 et

283 1904 561 1950 delatorum
585 1905 885 1962 huiusmodi,
910 1904 1045 1951 idem
1082 1905 1387 1951 reuerendus
1423 1907 1564 1964 pater
1599 1906 1944 1953 visitacionem
1982 1921 2121 1952 suam
2161 1905 2326 1952 huius-

283 1968 418 2014 modi
443 1968 686 2015 dissoluit.

408 2136 703 2191 Willelmus,
740 2137 1068 2194 permissione
1105 2136 1275 2182 diuina
1311 2136 1675 2183 Lincolniensis
1709 2135 2008 2195 episcopus,⁴
2042 2135 2238 2183 dilectis
2273 2138 2323 2182 in

282 2199 482 2246 Christo
526 2199 639 2245 filiis
682 2200 852 2245 abbati
897 2203 947 2245 et
990 2201 1258 2246 conuentui
1314 2201 1600 2246 monasterii
1655 2201 1802 2246 beate
1859 2200 2017 2246 Marie
2061 2200 2126 2246 de
2169 2201 2323 2259 pratis

281 2264 581 2323 Leycestrie,
628 2263 819 2309 ordinis
862 2265 1021 2310 sancti
1079 2263 1355 2323 Augustini,
1415 2267 1583 2310 nostre
1628 2263 1856 2319 diocesiS,
1915 2263 2230 2322 presentibus
2273 2266 2323 2309 et

279 2327 456 2372 futuris
496 2327 718 2384 salutem,
760 2328 980 2386 graciam
1018 2330 1068 2373 et
1108 2327 1536 2381 benediccionem,
1580 2330 1629 2373 et
1668 2327 1885 2373 stadium
1921 2327 1993 2374 sic
2034 2342 2234 2374 currere
2272 2330 2324 2373 vt

280 2391 504 2436 brauium
581 2391 958 2452 consequamini
1034 2393 1408 2451 sempiternum.
1509 2391 1652 2437 Cum⁵
1727 2390 1937 2436 sacram⁶
2011 2390 2323 2450 religionem⁷

279 2455 571 2514 plantatam⁸
625 2455 789 2500 modis
843 2455 1074 2500 omnibus
1129 2455 1302 2501 fouere
1347 2454 1636 2516 debeamus,
1694 2469 1936 2515 nusquam
1993 2454 2091 2500 hoc
2146 2454 2322 2501 melius

278 2519 568 2579 exequimur
592 2534 740 2580 quam
764 2520 804 2564 si
829 2519 1016 2564 nutrire
1041 2533 1099 2564 ea
1121 2534 1219 2580 que
1244 2521 1380 2565 recta
1405 2521 1519 2564 sunt
1542 2521 1591 2564 et
1621 2518 1874 2577 corrigere
1908 2533 2006 2579 que
2039 2518 2322 2578 profectum

277 2583 471 2628 virtutis
505 2582 787 2641 impediunt
820 2583 1087 2628 commissa
1121 2583 1266 2628 nobis
1299 2583 1597 2628 auctoritate
1631 2597 1873 2628 curemus.
1945 2582 2140 2627 Horum
2175 2583 2323 2641 igitur

277 2646 706 2692 consideracione⁹
738 2649 790 2691 vt
815 2646 1100 2692 videremus
1134 2647 1174 2691 si
1211 2647 1379 2692 omnia
1412 2646 1548 2705 apud
1582 2661 1671 2692 vos
1704 2648 1840 2692 recta
1863 2645 1974 2701 sint,
1999 2648 2148 2704 prout
2176 2646 2323 2692 nobis

275 2724 393 2755 cure
417 2713 504 2766 est,
531 2709 884 2756 descendimus
918 2713 981 2766 et,
1002 2708 1342 2756 visitacionis¹⁰
1376 2713 1546 2756 nostre
1580 2709 1798 2755 officium
1831 2709 1954 2754 inibi
1985 2711 2319 2766 excercentes,

276 2773 493 2834 quedam
533 2773 676 2819 licet¹¹
699 2788 799 2819 non
840 2773 994 2819 multa
1032 2775 1307 2833 reperimus
1346 2773 1709 2819 reformacione
1744 2776 1911 2819 tamen
1945 2772 2146 2832 digna.12
2214 2773 2321 2818 Has

269 2836 557 2896 propterea¹³
609 2837 951 2883 iniuncciones
1005 2840 1056 2883 et
1111 2837 1346 2883 mandata
1391 2839 1560 2883 nostra
1614 2837 1750 2883 licita
1804 2839 1854 2882 et
1908 2835 2183 2883 canonica¹⁴
2227 2851 2319 2896 pro

275 2901 663 2947 reformatione¹5
702 2904 1013 2961 repertorum
1048 2901 1334 2947 huiusmodi
1369 2901 1513 2946 vobis
1551 2901 1930 2946 transmittimus
1968 2899 2319 2959 inuiolabiliter

276 2964 604 3011 obseruanda.

404 3042 460 3086 In
480 3042 665 3101 primis,
687 3056 799 3086 cum
824 3041 1013 3087 dictum
1038 3042 1393 3087 monasterium
1417 3040 1594 3100 amplis
1618 3043 1667 3086 et
1690 3039 1993 3086 notabilibus
2011 3040 2316 3099 possession-

275 3106 386 3150 ibus
423 3106 485 3150 sit
521 3104 785 3150 dotatum¹⁶
823 3105 890 3150 ila
935 3109 994 3161 vl,
1020 3105 1342 3164 facultatibus
1377 3105 1578 3150 eiusdem
1610 3104 2009 3163 prouentibusque
2038 3107 2079 3149 et
2114 3103 2318 3163 expensis

274 3169 520 3228 diligenter
544 3169 765 3228 inspectis,
792 3168 924 3228 longe
949 3170 1105 3214 maior
1127 3170 1466 3215 canonicormn
1487 3183 1709 3214 numerus
1728 3181 1873 3227 quam
1893 3167 1944 3212 in
1962 3167 2314 3226 presenciarum

377 3281 389 3303 ¹
419 3280 633 3319 Interlined
647 3281 772 3317 above
789 3284 875 3317 eius
892 3280 1107 3319 cancelled.

375 3331 393 3355 2
418 3332 506 3369 Sic:
527 3333 585 3369 sor
603 3333 820 3380 arreragia.

376 3383 392 3407 ³
417 3384 442 3420 h
461 3383 674 3422 cancelled.

375 3434 391 3457 ⁴
417 3436 492 3472 salt
511 3434 725 3473 cancelled.

376 3485 391 3508 ⁵
413 3493 443 3535 p
460 3486 677 3524 cancelled.

375 3537 391 3561 ⁶
410 3539 597 3587 plantare
614 3537 830 3575 cancelled.

374 3587 390 3613 ⁷
415 3595 452 3627 et
469 3589 686 3628 cancelled.

372 3639 389 3663 ⁸
413 3642 593 3678 omnibus
615 3640 831 3679 cancelled,

373 3692 388 3715 ⁹
415 3692 578 3731 Altered
597 3693 695 3730 from
715 3692 1004 3729 considerantes.

355 3744 385 3767 ¹⁰
411 3744 574 3783 Altered
594 3744 692 3782 from
712 3744 979 3781 miritae-ionem.

354 3795 384 3818 ¹¹
414 3796 629 3834 Interlined
647 3795 772 3832 above
792 3800 921 3832 tamen
939 3793 1155 3832 cancelled.

356 3846 388 3871 ¹²
414 3846 575 3885 Altered
595 3847 693 3885 from
713 3847 889 3894 indigna.
