2488 4296
257 425 334 481 80
711 419 1201 478 ALNWICK’S
1283 417 1850 476 VISITATIONS

255 582 462 640 singulis
500 579 792 639 septimanis
826 593 952 624 vnus
989 577 1259 623 canonicus
1283 576 1520 635 suffragia
1548 575 1667 637 [pro
1692 576 1974 638 defunc]tis
1998 578 2303 636 decantaret,

250 660 344 705 pro
370 659 470 706 quo
493 658 644 690 vnum
668 645 859 688 certum
882 640 1005 702 quid
1028 641 1310 700 perciperet
1334 640 1620 686 huiusmodi
1645 641 1916 687 canonicus
1939 659 1947 698 ;
1981 644 2031 687 et
2054 643 2154 688 iam
2177 656 2304 689 onus

250 708 504 769 perficitur
528 710 577 752 et
602 705 755 751 nichil
780 705 1068 750 retribuitur
1087 718 1183 762 ‚pro
1206 703 1393 748 labore.

381 784 554 846 [Idem
589 783 711 828 dicit
745 780 908 843 quod]
948 781 1085 839 prior
1119 794 1220 826 non
1256 783 1330 826 est
1365 780 1610 825 discretus
1644 781 1695 826 in
1730 781 2148 839 correccionibus,
2184 798 2299 829 nam

251 849 352 894 cito
376 850 603 893 mouetur
627 849 675 891 et
700 848 863 890 motus
887 844 1087 890 excedit
1111 858 1179 889 se.

381 922 609 985 [Frater]
663 959 672 968 .
726 956 734 966 .
793 958 802 968 .
849 921 1204 980 Tewkesbury‚
1231 919 1485 976 diaconuS‚
1513 919 1635 965 dicit
1679 920 1816 981 quod
1861 920 2015 967 frater
2047 922 2301 982 Johannes

249 988 493 1048 Clyftone‚
520 986 709 1032 dudum
732 985 903 1039 abbas,
931 984 1085 1029 habet
1118 983 1370 1044 quandam
1406 998 1655 1029 cameram
1690 983 1962 1030 habentem
1996 985 2138 1044 plura
2171 987 2298 1032 ostia

247 1053 478 1110 suspecta
511 1064 601 1109 per
633 1063 729 1110 que
764 1049 904 1109 quasi
945 1047 1106 1108 [omni
1141 1049 1289 1092 nocte
1312 1045 1585 1107 accedunt]
1614 1046 1679 1092 ad
1704 1062 1816 1092 eum
1840 1047 2072 1094 mulieres
2095 1049 2160 1095 de
2182 1049 2297 1096 villa

247 1116 478 1174 suspecte
517 1114 651 1159 circa
690 1112 864 1158 horam
908 1110 1180 1156 secundam
1220 1112 1270 1156 et
1309 1111 1515 1155 terciam
1552 1111 1602 1155 in
1638 1125 1799 1165 mane,
1840 1125 1902 1156 ex
1938 1126 2038 1172 quo
2073 1111 2300 1159 redditur

245 1179 505 1236 suspectus
528 1191 642 1222 curn
676 1174 965 1220 mulieribus
999 1172 1272 1219 huiusmodi
1301 1191 1310 1229 ;
1346 1188 1555 1234 quarum
1594 1172 1821 1234 [notatur
1855 1189 1967 1220 cum
2002 1174 2126 1236 vna]
2167 1175 2297 1222 Mar-

246 1243 418 1300 gareta
439 1240 484 1284 T
486 1239 634 1299 ylere,
661 1241 710 1284 et
733 1238 867 1298 capti
892 1237 1092 1283 fuerunt
1114 1236 1399 1283 adinuicem
1423 1237 1473 1282 in
1497 1251 1696 1283 camera
1719 1237 2003 1283 huiusmodi
2035 1252 2125 1298 per
2147 1253 2299 1285 vnum

246 1303 546 1350 canonicum
571 1302 763 1348 domus.
874 1359 877 1362 y

378 1373 576 1436 [Idem]
607 1374 842 1434 Clyitone
866 1376 941 1419 est
964 1372 1262 1434 maliloquus
1286 1374 1336 1419 et
1360 1371 1647 1419 diffamator
1671 1373 1978 1420 confratrum
2012 1387 2214 1421 suorum
2248 1377 2299 1422 et

245 1438 553 1499 periculosus
577 1441 652 1484 est
675 1438 857 1497 lingua.
2229 1484 2235 1486 ,

375 1502 502 1547 Item
527 1501 650 1547 dicit
673 1500 810 1563 quod
842 1500 1122 1558 deseruitur
1145 1499 1369 1559 pluribus
1393 1499 1599 1559 capellis
1621 1502 1671 1546 et
1706 1500 1930 1546 ecclesiis
1963 1501 2299 1561 appropriatis

246 1566 563 1621 monasterio,
605 1579 693 1610 sex
728 1564 778 1609 in
815 1577 1036 1620 numero,
1075 1577 1165 1622 per
1202 1563 1471 1609 canonicos
1507 1564 1812 1624 monasterij,
1853 1564 1992 1610 cuius
2031 1565 2298 1611 occasione

246 1644 480 1675 numerus
503 1629 843 1673 ministrorum
866 1628 916 1672 in
941 1626 1097 1672 choro
1122 1627 1424 1672 diminuitur.

377 1693 504 1738 Item
540 1691 664 1736 dicit
699 1690 835 1753 quod
872 1690 1087 1750 sigillum
1124 1704 1390 1736 commune
1426 1689 1705 1736 custoditur
1741 1690 1834 1736 sub
1871 1690 2065 1736 duabus
2101 1691 2295 1749 seratis,

246 1770 454 1817 quarum
479 1755 645 1801 claues
668 1758 781 1800 sunt
803 1755 946 1799 vnius
970 1753 1145 1808 forme,
1171 1756 1221 1799 et
1244 1768 1366 1814 quas
1391 1753 1625 1813 Clyftone
1649 1756 1698 1799 et
1732 1755 1869 1813 prior
1904 1754 2092 1800 habent
2125 1755 2176 1800 in
2210 1770 2299 1801 sua

247 1819 475 1865 custodia
499 1819 570 1864 sic
593 1818 729 1880 quod
752 1817 877 1876 alter
901 1832 1073 1863 eorum
1107 1817 1297 1878 absque
1319 1817 1477 1863 altero
1499 1818 1745 1876 attingere
1769 1820 1936 1876 potest
1957 1817 2023 1863 ad
2046 1817 2262 1877 sigillum
2285 1836 2296 1875 ;

244 1897 337 1942 pro
360 1896 461 1943 quo
484 1883 762 1941 suspicatur
785 1880 922 1942 quod
945 1881 1088 1940 plura
1111 1880 1387 1939 sigillantur
1411 1895 1525 1926 cum
1547 1881 1658 1940 ipso
1682 1881 1844 1940 sigillo
1867 1881 2058 1943 absque
2081 1882 2298 1928 sciencia

245 1948 536 1992 conuentus.

375 2009 502 2055 Item
525 2008 648 2054 dicit
670 2007 808 2069 quod
831 2008 882 2052 in
906 2006 1191 2053 huiusmodi
1216 2006 1482 2066 sigillando
1507 2007 1804 2053 conuentusl
1827 2007 2015 2054 habere
2032 2009 2122 2069 vjs.
2141 2008 2294 2069 viijd.‚

243 2076 294 2119 et
317 2074 416 2118 iam
441 2071 595 2118 nichil
619 2071 772 2118 habet
795 2073 1085 2126 conuentus,
1112 2071 1228 2132 quia
1251 2072 1483 2130 ignorant
1506 2071 1732 2129 sigillata.

374 2136 500 2182 Item
535 2135 658 2181 dicit
690 2134 829 2196 quod
863 2137 1141 2181 conuentus
1175 2149 1277 2180 non
1311 2134 1587 2180 commedit
1619 2135 1671 2180 in
1694 2134 1963 2181 refectorio
1986 2134 2297 2197 aliquociens

242 2214 332 2259 per
357 2199 660 2261 quarterium
694 2199 825 2254 anni,
851 2197 943 2243 sed
977 2198 1170 2243 mixtim
1205 2212 1319 2243 cum
1353 2198 1672 2254 secularibus,
1709 2199 1869 2244 eciam
1904 2198 2208 2256 mulieribus,
2243 2199 2295 2245 in

243 2263 355 2308 aula
377 2262 587 2318 abbatis,
612 2262 696 2307 vbi
721 2260 969 2307 habentur
993 2261 1244 2322 colloquia
1265 2276 1392 2306 vana
1416 2264 1466 2307 et
1499 2261 1727 2320 religioni
1763 2263 2012 2308 contraria
2043 2279 2052 2319 ;
2080 2264 2139 2308 et
2171 2265 2294 2309 tem-

242 2340 365 2386 pore
390 2325 688 2371 refeccionis
711 2324 949 2371 nullicubi
974 2324 1187 2371 habetur
1210 2324 1383 2370 leccio.

374 2390 500 2434 Item
544 2388 825 2448 campanile
869 2390 944 2434 est
988 2388 1245 2434 ruinosum
1289 2391 1339 2434 et
1377 2389 1429 2433 in
1468 2388 1698 2447 proximo
1737 2403 1968 2435 casurum
2007 2389 2102 2435 nisi
2141 2390 2296 2436 cicius

243 2455 514 2512 reparetur.

372 2514 486 2578 [Fo.
522 2512 625 2576 26.]
700 2515 874 2560 Frater
910 2514 1206 2573 Radulphus
1241 2514 1471 2560 Carnelle
1506 2514 1630 2560 dicit
1662 2515 1800 2578 quod
1834 2515 1992 2562 abbas
2016 2530 2148 2562 nunc
2172 2531 2293 2562 nun-

241 2594 390 2640 quam
425 2580 476 2624 in
511 2581 740 2637 tempore
779 2593 870 2623 suo
905 2579 1056 2624 iacuit
1090 2578 1159 2623 in²
1192 2581 1343 2624 nocte
1376 2579 1427 2623 in
1463 2578 1759 2625 dormitorio
1793 2580 1930 2625 iuxta
1952 2580 2295 2626 iniuncciones

242 2642 432 2688 dudum
455 2643 506 2687 in
531 2642 834 2687 monasterio
858 2656 948 2701 per
972 2642 1232 2688 dominum
1255 2641 1427 2688 factas

370 2706 497 2751 Item
522 2705 644 2751 dicit
667 2705 822 2767 quod³
854 2706 1011 2750 abbas
1045 2706 1308 2761 concessit,
1334 2719 1583 2751 consensu
1618 2708 1895 2752 conuentus
1928 2706 2212 2768 irrequisito
2244 2709 2295 2752 et

239 2769 429 2830 absque
465 2769 675 2815 licencia
712 2769 916 2825 domini,
942 2783 1158 2814 annuam
1195 2769 1490 2828 pensionem
1528 2783 1559 2814 v
1595 2784 1873 2815 marcarum
1906 2784 2004 2815 vna
2037 2783 2152 2816 cum
2185 2770 2294 2816 aliis

242 2833 508 2878 esculentis
553 2836 601 2877 et
645 2832 926 2891 poculentis
970 2831 1110 2878 fratri
1160 2832 1374 2893 Johanni
1421 2831 1655 2892 Clyitone
1699 2847 1859 2892 nuper
1902 2833 2073 2879 abbati
2117 2836 2294 2879 contra

240 2896 610 2941 iniunccionem
641 2895 845 2950 domini,
872 2898 921 2941 et
954 2895 1212 2941 Willelmo
1249 2895 1545 2955 Marmyone
1578 2897 1873 2956 pensionem
1907 2897 1976 2957 iiij
2013 2911 2293 2943 marcarum

240 2958 306 3004 ad
329 2960 595 3004 terminum
618 2959 718 3004 vite
742 2961 916 3005 contra
939 2959 1282 3005 iniuncciones
1306 2959 1571 3017 predictas.

371 3023 498 3068 Item
522 3022 644 3067 dicit
668 3022 732 3067 de
755 3022 895 3067 ostiis
918 3036 1115 3068 camere
1139 3022 1260 3068 dicti
1285 3021 1518 3082 Clyftone
1554 3025 1603 3068 et
1637 3022 1702 3069 de
1734 3024 1961 3081 ingressu
1994 3023 2291 3069 secularium

240 3085 305 3131 ad
329 3085 542 3131 eandem
565 3100 815 3131 cameram
838 3088 890 3131 vt
913 3100 1075 3144 supra,
1102 3086 1261 3131 eciam
1285 3085 1547 3131 mulierum
1578 3086 1969 3132 inhonestarum.

369 3149 496 3194 Item
520 3148 642 3194 dicit
665 3148 802 3210 quod
826 3150 1216 3195 constituciones
1239 3149 1515 3208 apostolice
1535 3151 1584 3195 et
1607 3149 1797 3195 ordinis
1820 3149 1954 3195 facte
1976 3164 2069 3209 pro
2088 3150 2289 3196 obseru-

343 3260 355 3284 ¹
386 3261 451 3298 Sic
470 3275 479 3298 z
506 3262 707 3299 consueuit
725 3261 906 3299 omitted.

341 3310 359 3335 ²
385 3311 460 3349 Sic.

343 3361 358 3386 ³
385 3364 512 3401 dictus
538 3362 755 3400 cancelled.

342 3432 355 3456 ¹
385 3432 583 3481 Probably
603 3432 780 3470 Thomas
799 3432 1082 3485 Tewkesbury,
1104 3444 1261 3480 present
1283 3442 1324 3472 at
1343 3434 1411 3472 the
1430 3434 1572 3472 earlier
1591 3434 1806 3472 visitation.

341 3484 357 3509 2
383 3483 470 3521 The
489 3483 682 3521 churches
701 3485 984 3533 appropriated
1012 3496 1052 3522 to
1082 3485 1321 3523 Dorchester
1339 3486 1467 3534 abbey
1485 3498 1587 3523 were
1609 3485 1858 3534 Bensington
1878 3499 1922 3523 or
1947 3485 2117 3533 Benson,
2137 3487 2294 3526 Chisle-

238 3535 444 3584 hampton,
465 3533 616 3572 Clifton
639 3534 869 3583 Hampden,
893 3535 1145 3577 Dorchester.
1166 3536 1360 3586 Drayton,
1389 3536 1528 3574 Pishill
1556 3536 1650 3574 with
1680 3536 1912 3583 Nettlebed,
1942 3536 2151 3583 Shirburn‚
2180 3539 2297 3577 Stad-

238 3586 429 3635 hampton
461 3584 671 3631 (Stodham
699 3598 742 3622 or
770 3585 984 3634 Studham)
1015 3587 1091 3624 and
1120 3587 1414 3636 Warborough.
1487 3587 1556 3626 Six
1584 3588 1626 3624 of
1650 3587 1760 3624 these
1790 3588 1854 3637 lay
1882 3589 1920 3625 in
1949 3588 2017 3626 the
2045 3589 2227 3627 hundred
2255 3590 2298 3627 of

242 3636 511 3674 Dorchester:
554 3636 748 3673 Shirburn
777 3650 855 3674 was
882 3638 920 3674 in
955 3638 1088 3675 Pirton
1120 3638 1313 3683 hundred,
1343 3638 1621 3687 Warborough
1651 3638 1689 3675 in
1720 3638 1896 3676 Ewelme
1926 3639 2121 3688 hundred,
2152 3640 2295 3678 Pishill

240 3688 370 3737 partly
389 3688 427 3724 in
450 3687 584 3723 Pirton
604 3687 681 3724 and
707 3687 835 3736 partly
863 3688 902 3725 in
932 3688 1117 3726 Ewelme.
1195 3688 1239 3726 In
1269 3702 1373 3727 none
1402 3689 1444 3726 of
1469 3689 1578 3727 these
1606 3689 1797 3726 churches
1823 3698 1963 3740 except
1992 3691 2185 3729 Shirburn
2213 3704 2293 3729 was

238 3739 349 3775 there
370 3751 448 3787 any
469 3738 649 3787 vicarage
670 3738 874 3776 ordained.
943 3739 1075 3777 There
1094 3753 1165 3776 can
1187 3741 1233 3777 be
1253 3740 1356 3777 little
1374 3740 1500 3778 doubt
1518 3740 1604 3777 that
1625 3739 1867 3778 Dorchester
1885 3754 1964 3778 was
1984 3742 2198 3791 originally
2216 3755 2292 3780 one

238 3790 279 3825 of
303 3789 418 3825 those
436 3791 599 3825 canons’
618 3789 762 3826 houses
789 3789 915 3826 which
942 3802 1043 3827 were
1071 3790 1260 3829 intended
1285 3794 1362 3839 (see
1382 3790 1446 3828 W.
1470 3790 1521 3828 H.
1544 3790 1695 3828 Frere's
1722 3803 1835 3840 essay
1853 3805 1902 3829 on
1935 3792 2131 3830 Barnwell
2158 3793 2292 3843 priory

239 3839 279 3878 in
311 3838 533 3876 Fasciculus
553 3839 599 3890 J.
641 3838 698 3877 W.
737 3840 854 3878 Clark
886 3840 1046 3889 dicatus,
1079 3839 1333 3893 Cambridge,
1370 3843 1488 3891 1911)
1522 3850 1563 3879 to
1594 3854 1706 3881 serve
1738 3843 1806 3880 the
1832 3843 2129 3896 neighbouring
2155 3844 2290 3894 parish

2483 1109 2488 1186 ....,..,.
2483 1074 2488 1099 .-
2480 1001 2488 1062 .-.-.,
2478 854 2488 994 ..-ι-.-.ι
2472 514 2488 846 *ΔΛΔΔιΑἉε--.ψωι
2474 296 2488 507 faama-unmmmm
