2488 4296
342 369 464 441 138
800 365 1292 424 ALNWICK'S
1374 366 1942 454 VISITATIONS

339 525 514 569 cantes
539 524 589 567 et
612 521 776 567 odiosi
802 539 811 578 ;
848 524 898 567 et
921 521 1132 582 quilibet
1155 535 1328 567 eorum
1354 525 1547 569 secrete
1571 522 1790 568 detrahit
1823 522 1980 579 alteri,
2006 521 2180 568 dicens
2204 525 2215 547 ‘
2237 521 2391 567 Num-

343 600 492 648 quam
518 584 723 644 diligam
747 599 862 630 eum
886 585 936 629 in
960 585 1061 630 vita
1085 584 1228 630 mea.’

475 647 758 693 Willelmus
783 647 1103 707 Syngyltone,
1129 647 1340 694 clericus
1362 647 1576 707 collegii,
1603 648 1725 695 dicit
1749 650 1917 694 omnia
1941 649 2084 694 bene.

480 711 729 756 Robertus
754 709 948 766 Offord,
975 710 1208 767 chorista‚
1235 711 1358 756 dicit
1382 713 1549 757 omnia
1575 712 1718 757 bene.

479 773 761 819 VVillelmus
784 773 1003 828 Vrlebat,
1029 773 1263 828 chorista,
1289 774 1411 819 dicit
1435 775 1604 820 omnia
1626 774 1770 821 bene.

477 837 730 898 Johannes
758 836 922 896 Hylle,
949 836 1182 892 chorista,
1209 836 1332 883 dicit
1356 838 1524 882 omnia
1547 837 1690 884 bene.

478 900 731 961 Johannes
755 899 966 958 Spekke‚
993 899 1227 955 chorista‚
1254 899 1377 946 dicit
1400 901 1568 946 omnia
1591 901 1734 946 bene.

478 963 731 1024 Johannes
755 963 949 1019 Crosse,
975 962 1210 1018 chorista,
1237 963 1359 1008 dicit
1383 963 1521 1024 quod
1544 964 1757 1023 ipsemet
1791 978 1893 1008 non
1926 964 2227 1023 tempestiue
2266 964 2402 1009 venit

353 1026 419 1073 ad
442 1027 666 1072 chorum.

480 1089 703 1134 Thomas
731 1089 922 1144 LeweS,
948 1088 1181 1144 chorista‚
1207 1088 1331 1134 dicit
1354 1090 1523 1136 omnia
1546 1090 1691 1135 bene.

484 1153 731 1198 Dominus
769 1152 1054 1197 Willelmus
1094 1151 1408 1207 CaIuertone,
1447 1153 1734 1211 capellanus
1769 1154 1821 1198 in
1855 1153 2084 1212 collegio,
2110 1152 2233 1198 dicit
2266 1154 2404 1215 quod

356 1216 588 1262 dominus
615 1215 865 1261 Henricus
891 1215 1070 1275 Drury,
1094 1216 1388 1270 vicecustos,
1425 1230 1525 1261 non
1560 1219 1726 1261 seruat
1758 1217 2018 1262 caritatem
2054 1229 2174 1275 erga
2210 1220 2406 1263 ceteros

355 1281 406 1325 in
430 1279 656 1337 collegio,
682 1279 811 1340 quia,
837 1279 954 1324 licet
989 1279 1222 1324 ostendat
1257 1279 1328 1324 eis
1365 1278 1666 1324 beneuolum
1703 1279 1905 1335 vultum,
1942 1294 2196 1342 nunquam
2237 1282 2406 1327 tamen

356 1357 443 1389 eos
467 1342 642 1401 diliget
664 1360 673 1398 ;
709 1341 845 1403 quod
870 1345 944 1387 est
969 1355 1149 1400 magna
1175 1357 1324 1388 causa
1347 1342 1612 1387 murmuris
1636 1343 1686 1387 in
1711 1342 1938 1402 collegio.
2117 1389 2121 1392 .

486 1406 613 1451 Item
637 1406 720 1451 vbi
744 1408 859 1450 sunt
892 1419 980 1451 sex
1013 1406 1278 1464 presbiteri
1311 1406 1359 1451 in
1400 1419 1607 1451 numero
1643 1408 1694 1452 et
1729 1420 1819 1465 per
1859 1409 2041 1452 statuta
2081 1408 2305 1452 artantur
2342 1405 2408 1452 ad

356 1472 569 1531 quatuor
594 1470 768 1514 missas
792 1469 928 1514 omni
953 1469 1049 1525 die,
1074 1483 1175 1514 non
1201 1471 1315 1514 sunt
1349 1469 1442 1514 nisi
1480 1471 1692 1530 quatuor
1729 1470 1973 1530 capellani
2010 1471 2095 1531 qui
2136 1472 2409 1531 sequuntur

358 1533 583 1579 chorum.

488 1596 734 1641 Dominus
787 1594 1036 1641 Robertus
1091 1595 1334 1655 Hopkyn,
1381 1595 1668 1655 capellanus
1723 1596 1774 1641 in
1829 1596 2056 1656 collegio,
2105 1596 2227 1642 dicit
2271 1595 2409 1658 quod

361 1660 610 1705 Robertus
636 1659 883 1715 Irelonde,
910 1658 1133 1714 cle1·iCUS‚
1152 1660 1382 1704 absentat
1401 1674 1454 1705 se
1471 1674 1500 1704 a
1518 1659 1675 1705 choro
1694 1662 1809 1719 post
1825 1660 2048 1705 Vltimam
2067 1659 2409 1719 pulsacionem

359 1723 425 1768 ad
449 1723 597 1768 horas
621 1722 887 1768 canonicas
911 1723 961 1766 in
984 1724 1176 1767 tantum
1195 1722 1332 1784 quod
1349 1722 1432 1768 alii
1456 1725 1714 1782 presentes
1733 1723 1783 1768 in
1802 1723 1960 1768 choro
1979 1725 2247 1782 expectant
2265 1737 2378 1769 eum
2397 1741 2406 1780 ;

360 1790 409 1832 et
433 1789 700 1846 propterea
724 1786 848 1831 hore
871 1800 973 1831 non
996 1786 1313 1831 celebrantur
1337 1787 1648 1845 temporibus
1672 1786 1869 1832 debitis.

491 1850 634 1895 Idem
674 1849 923 1894 Robertus
960 1849 1195 1895 Irelonde
1227 1849 1511 1911 frequentat
1546 1850 1658 1896 loca
1697 1852 1929 1909 suspecta
1967 1849 2121 1896 modo
2159 1849 2411 1909 suspecta¹

361 1914 521 1960 eciam
543 1913 855 1971 temporibus
879 1912 1177 1967 diuinorum,
1213 1916 1263 1959 et
1298 1914 1560 1972 presertim
1597 1913 1793 1959 domus¹
1826 1913 2086 1959 cuiusdam
2123 1911 2413 1959 Elizabethe²

363 1977 530 2023 Beres.
623 1977 826 2021 Fatetur
871 1976 1059 2022 crimen
1081 1992 1092 2022 ε
1143 1976 1390 2022 abiurauit
1434 1977 1526 2022 sub
1571 1991 1702 2036 pena
1756 1978 1788 2037 ij
1846 1977 2233 2036 fustigacionum
2277 1977 2411 2022 circa

362 2041 626 2086 ecclesiam
651 2042 700 2085 et
722 2039 936 2085 totidem
960 2040 1093 2086 circa
1115 2039 1280 2085 forum
1303 2041 1354 2085 in
1377 2039 1540 2086 forma
1562 2041 1847 2100 penitencie
1870 2058 1879 2097 ;
1916 2044 1965 2086 et
1999 2055 2092 2099 pro
2131 2041 2411 2086 commissis

361 2104 517 2149 habet
540 2105 571 2163 ij
599 2102 956 2161 instigaciones
980 2103 1114 2149 circa
1138 2103 1402 2149 ecclesiam
1427 2118 1541 2149 cum
1565 2118 1712 2149 cereo
1737 2104 1946 2149 dimidie
1968 2104 2108 2150 libre.

491 2166 777 2227 ([Irelonde
832 2170 882 2212 et
938 2165 1197 2227 Chi]che.)
1289 2166 1431 2212 Idem
1483 2167 1733 2213 Robertus
1778 2170 1828 2212 et
1870 2167 2160 2213 willelmus*
2202 2165 2408 2223 Chiche,

361 2230 585 2286 clericus,
612 2229 994 2275 confabulantur
1017 2230 1301 2276 adinuicem
1323 2233 1552 2289 tempore
1577 2230 1733 2276 diuini
1767 2231 1965 2276 seruicii
1999 2245 2155 2291 vsque
2189 2229 2410 2276 medium

361 2307 559 2339 versum
597 2293 877 2352 psalmodii,
904 2296 954 2338 et
991 2293 1063 2338 sic
1097 2308 1222 2338 vnus
1259 2293 1394 2339 solus
1432 2293 1567 2339 illam
1607 2293 1930 2339 medietatem
1968 2307 2200 2339 versuum
2234 2307 2324 2353 per
2357 2307 2411 2339 se

361 2356 702 2416 psalmodizat.
774 2356 1015 2415 Magister
1039 2359 1273 2402 oneratus
1307 2359 1383 2402 est
1416 2357 1552 2418 quod
1576 2358 1817 2418 quociens
1840 2358 1890 2402 in
1915 2357 2013 2403 hoc
2035 2357 2214 2418 aliquis
2237 2371 2410 2403 eorum

359 2422 410 2466 in
435 2419 553 2466 hoc1
578 2419 821 2466 defecerit
845 2420 1054 2465 detaltet
1075 2418 1115 2480 j‘¹
1139 2420 1203 2466 de
1227 2421 1525 2466 communiis
1549 2420 1900 2482 delinquentis.

492 2484 620 2529 Item
644 2483 876 2529 dominus
906 2483 1160 2545 Johannes
1185 2483 1375 2528 Munde
1398 2498 1462 2529 ex
1485 2484 1847 2530 consuetudine
1871 2483 2155 2545 frequentat
2177 2483 2411 2529 tabernas

359 2547 586 2607 publicas
611 2550 751 2592 extra
775 2561 945 2593 casum
970 2547 1294 2603 necessitati3‚
1321 2550 1370 2592 et
1394 2548 1466 2592 sic
1489 2547 1700 2606 dissipat
1723 2549 1858 2593 bona
1880 2562 1981 2594 sua.
2050 2542 2343 2606 Comparuit
2361 2549 2411 2593 et

360 2613 509 2670 negat
529 2629 538 2656 ε
572 2611 790 2656 monitus
813 2613 982 2656 tamen
1007 2613 1082 2656 est
1106 2610 1199 2655 sub
1223 2624 1354 2669 pena
1378 2611 1917 2657 excommunicacionis
1940 2610 2077 2672 quod
2102 2610 2322 2656 desistat.

493 2673 634 2720 Idem
669 2673 1018 2719 confabulatur
1052 2688 1166 2719 cum
1201 2673 1311 2719 aliis
1350 2677 1579 2734 tempore
1604 2675 1780 2720 diuinii
1804 2675 2016 2720 seruicii.
2073 2674 2412 2720 Committitur

363 2738 619 2796 magistro.

493 2801 620 2846 Item
661 2800 894 2847 dominus
938 2800 1223 2846 Willelmus
1268 2800 1568 2847 Caluertone
1606 2800 1892 2862 frequentat
1930 2801 2042 2847 loca
2081 2802 2326 2860 suspecta,
2363 2802 2413 2846 et

362 2865 623 2923 presertim
649 2865 856 2910 domum
882 2864 1130 2923 Margerie
1150 2864 1567 2925 Chaumberleyn,
1587 2866 1727 2911 cuius
1744 2863 1900 2910 filium
1918 2864 2103 2911 leuauit
2125 2864 2191 2910 ad
2209 2878 2411 2910 manum

364 2926 718 2983 confirmantis,
745 2930 795 2972 et
818 2928 1036 2973 monitus
1059 2943 1150 2987 per
1172 2929 1464 2987 magistrum
1488 2942 1589 2974 non
1613 2928 1808 2974 desistit
1831 2927 1916 2974 ίῐι.8

493 2990 635 3037 Idem
659 2991 819 3037 eciam
842 2990 1128 3052 frequentat
1151 2991 1356 3037 domurn
1380 2991 1639 3037 cuiusdam
1666 2992 1825 3053 plays,
1845 2992 1984 3038 cuius
2006 2990 2161 3037 filium
2185 2990 2412 3037 similiter

360 3053 558 3109 leuauit,
579 3057 628 3100 et
652 3055 869 3100 monitus
887 3068 987 3100 non
1007 3054 1214 3101 desistit.
1276 3054 1500 3101 Monitus
1518 3058 1593 3101 est
1610 3055 1703 3101 sub
1721 3070 1852 3115 pena
1870 3054 2411 3102 excommunicacionis

361 3117 499 3178 quod
524 3117 745 3164 desistat.

493 3181 738 3226 Dominus
760 3180 1012 3241 Johannes
1038 3181 1242 3238 Munde,
1263 3181 1550 3241 capellanus
1573 3182 1623 3227 in
1649 3181 1876 3241 collegio,
1897 3181 2020 3227 dicit
2043 3181 2211 3227 omnia
2233 3181 2376 3227 bene.

495 3242 609 3304 [Fo.
637 3243 725 3304 37]
819 3242 1058 3304 (Custos.)
1149 3245 1337 3290 Petitur
1381 3245 1586 3304 insuper
1629 3245 1767 3307 quod
1813 3245 2050 3292 decetero
2095 3248 2263 3291 custos
2309 3259 2409 3291 non

464 3354 476 3377 1
547 3357 554 3363 .

460 3406 475 3430 2
504 3356 723 3443 Ῐςῐξῖὲήίηεά
743 3405 868 3443 above
887 3419 909 3442 a
928 3405 1045 3443 letter
1063 3406 1282 3453 cancelled,

459 3455 474 3479 ³
501 3455 589 3494 The
608 3465 795 3494 sentence
814 3456 850 3494 is
870 3456 1113 3497 unfinished.

458 3535 469 3558 ¹
501 3535 738 3584 Previously
756 3535 887 3573 called
907 3535 1065 3574 Cresse.

457 3586 474 3609 2
501 3586 588 3624 The
607 3586 841 3624 foundation
863 3587 1051 3636 provided
1072 3588 1131 3625 for
1147 3601 1170 3626 a
1188 3597 1334 3627 master
1345 3602 1389 3627 or
1403 3589 1560 3627 warden
1576 3589 1653 3627 and
1668 3601 1788 3627 seven
1805 3589 1920 3627 other
1933 3588 2151 3639 chaplains‚
2167 3590 2246 3634 i.e.,
2260 3588 2410 3627 fellows

353 3638 392 3675 in
423 3638 578 3687 priest’s
607 3638 757 3681 orders,
784 3638 873 3674 who
902 3650 1003 3675 were
1033 3648 1074 3676 to
1101 3652 1170 3689 say
1189 3653 1291 3678 mass
1310 3640 1370 3678 for
1388 3640 1456 3678 the
1474 3641 1581 3690 good
1600 3649 1726 3678 estate
1747 3640 1789 3678 of
1807 3641 1948 3691 Henry
1967 3651 2007 3684 v,
2028 3653 2157 3689 queen
2187 3640 2409 3678 Katherine

351 3689 431 3726 and
450 3687 692 3736 archbishop
711 3687 915 3733 Chichele‚
935 3689 1000 3726 for'
1013 3689 1116 3727 their
1135 3690 1242 3728 souls
1262 3690 1365 3729 after
1382 3691 1515 3736 death,
1534 3691 1611 3728 and
1638 3694 1698 3728 lor
1725 3691 1793 3729 the
1821 3692 1929 3729 souis
1955 3691 1998 3728 of
2024 3691 2165 3741 Henry
2185 3701 2230 3729 IV
2250 3691 2327 3729 and
2346 3690 2408 3729 his

354 3739 438 3777 first
457 3739 558 3785 wife,
582 3739 699 3788 Mary
721 3738 877 3786 Bohun,
899 3739 941 3777 of
966 3739 1191 3778 Chichele’s
1210 3750 1370 3790 parents
1389 3742 1466 3779 and
1485 3742 1745 3788 benefactors‚
1764 3742 1842 3779 and
1861 3742 1915 3780 all
1933 3743 2000 3780 the
2019 3742 2180 3780 faithful
2199 3742 2404 3792 departed.

356 3790 403 3834 In
428 3800 522 3839 1442
542 3790 653 3828 there
672 3802 774 3830 were
794 3789 890 3842 only
908 3804 930 3828 a
950 3800 1096 3831 master
1115 3792 1194 3836 and
1213 3791 1288 3831 five
1308 3792 1472 3831 fellows.
1528 3792 1615 3831 The
1635 3794 1749 3846 point
1766 3793 1809 3831 of
1833 3793 1900 3831 the
1918 3793 2138 3845 complaint
2163 3794 2196 3831 is
2222 3793 2308 3831 that
2334 3793 2403 3838 the
