2476 4412
298 483 342 540 3
763 464 1250 523 ALNWICK’S
1333 461 1902 520 VISITATIONS

304 638 335 670 a
357 626 609 670 conuentu
631 623 893 670 consilium
916 622 996 668 vel
1018 635 1334 677 consensum,
1360 619 1495 666 nulla
1519 619 1818 666 necessitate
1851 619 2100 678 exigente.
2190 620 2357 679 Negat

304 686 602 733 articulum.l

437 749 538 811 [8.]
580 750 707 795 Item
737 749 872 809 apud
895 748 1210 795 Alderburne
1234 746 1482 807 prosterni
1506 746 1627 792 fecit
1649 745 1793 806 fagos
1815 748 2044 806 tempore
2067 746 2355 792 inconueni-

305 813 423 870 enti,
447 815 516 859 ita
538 812 693 875 qu0d²
716 827 986 874 numquam
1010 814 1346 868 renascentur,
1373 813 1422 856 et
1446 810 1518 856 sic
1539 809 1754 856 finaliter
1777 809 2111 856 destruuntur.
2193 810 2359 869 Negat

305 877 582 923 articulum.

437 938 536 1000 [9.]
594 940 721 986 Item
766 939 1002 998 priorissa
1046 952 1301 1000 nunquam
1346 936 1569 983 reddidit
1614 939 1906 996 compotum
1953 936 2018 983 de
2058 937 2275 996 receptis
2308 938 2360 984 et

304 1004 539 1062 expensis
561 1003 675 1059 suis,
701 1005 751 1049 et
784 1005 951 1048 tamen
985 1003 1152 1047 omnia
1186 1000 1292 1047 sola
1327 1001 1517 1060 recipit,
1555 999 1704 1046 soluit
1737 1003 1787 1046 et
1819 999 2136 1046 administrat
2169 1000 2360 1062 absque

305 1067 441 1113 omni
464 1067 927 1112 communicacione
959 1068 1236 1111 conuentus
1271 1065 1430 1110 eciam
1463 1063 1621 1110 ardua
1654 1067 1703 1109 et
1737 1063 1904 1109 firmas
1939 1063 2275 1121 dimittend03
2311 1066 2362 1109 et

305 1130 390 1175 vbi
427 1129 550 1176 dicit
585 1129 722 1191 quod
759 1129 938 1174 domus
977 1128 1350 1174 indebitabatur
1390 1131 1619 1187 tempore
1658 1127 2015 1174 installacionis
2054 1141 2141 1173 sue
2179 1127 2232 1173 in
2271 1141 2362 1173 ccc

306 1193 499 1248 marcis,
537 1194 631 1238 ista
667 1192 928 1251 deponens
964 1192 1087 1238 dicit
1126 1192 1275 1252 plane
1314 1191 1453 1253 quod
1493 1191 1654 1237 solum
1693 1192 1744 1236 in
1785 1206 1886 1237 xxx
1921 1191 2062 1236 libris
2097 1193 2218 1236 tunc
2254 1193 2362 1236 erat

306 1256 596 1312 indebitata,
622 1271 718 1318 que
743 1270 937 1301 summa
961 1258 1066 1301 erat
1090 1255 1308 1302 resoluta
1331 1254 1534 1301 aliunde
1558 1258 1608 1300 et
1631 1254 1898 1300 nullatinus
1923 1269 1984 1300 ex
2021 1254 2169 1301 bonis
2201 1254 2358 1316 prior-

306 1320 404 1366 isse
436 1322 522 1365 aut
554 1319 816 1378 prioratus.
910 1319 1112 1364 Fatetur
1147 1333 1200 1364 se
1229 1333 1485 1379 nunquam
1508 1317 1791 1364 reddidisse
1815 1320 2107 1378 compotum
2133 1335 2144 1364 :
2179 1317 2364 1364 fatetur

307 1384 469 1429 eciam
491 1383 649 1428 solam
672 1383 843 1428 omnia
867 1383 1118 1441 recepisse
1142 1384 1192 1427 et
1215 1382 1565 1428 administrare
1588 1382 1779 1444 absque
1814 1382 2032 1428 sciencia
2066 1383 2359 1428 conuentus.

309 1447 474 1505 Negat
491 1460 551 1555 ge
575 1446 824 1492 dimisisse
848 1445 1017 1510 firmass-
1031 1446 1125 1492 nisi
1150 1444 1216 1491 de
1239 1446 1459 1491 sciencia
1483 1448 1774 1492 conuentus.

346 1510 431 1556 Fo.
459 1521 486 1570 5
524 1508 566 1570 ].

316 1509 338 1572 [
439 1587 510 1619 10.
548 1573 676 1620 Item
710 1573 962 1635 quandam
997 1572 1172 1618 siluam
1207 1575 1436 1619 vocatam
1467 1572 1642 1619 Rowel
1665 1572 1802 1632 apud
1827 1572 2108 1633 Parnysshe
2131 1572 2364 1618 situatam

310 1637 722 1684 inconuenienter
771 1637 1021 1696 prosterni
1066 1636 1199 1694 fecit,
1248 1637 1551 1682 dimittendo
1595 1639 1711 1695 post
1755 1636 2153 1696 prostracionem
2198 1649 2365 1682 ramos

311 1714 584 1758 remanere,
610 1703 818 1760 propter
853 1700 991 1762 quod
1029 1715 1130 1746 non
1167 1703 1242 1746 est
1277 1700 1546 1746 verisimile
1580 1700 1757 1746 siluam
1791 1700 1985 1746 renasci
2013 1699 2079 1746 ad
2101 1699 2365 1745 vtilitatem

311 1765 411 1810 iam·
434 1764 730 1810 viuencium.
800 1764 965 1822 Negat
988 1764 1264 1810 articulum.

428 1841 448 1873 1
460 1841 499 1873 1.
516 1825 602 1888 (ad
621 1827 869 1887 primum).
889 1826 1033 1873 Item⁴
1043 1827 1165 1873 dicit
1180 1827 1318 1889 quod
1332 1827 1569 1888 priorissa
1581 1826 1826 1874 destruxit
1841 1826 2092 1889 quendam
2109 1827 2366 1872 introitum

314 1890 549 1937 videlicet
572 1907 601 1937 a
618 1890 905 1950 gatehouse,
925 1905 1016 1951 per
1033 1906 1182 1952 quem
1206 1891 1573 1937 inducebantur
1597 1892 1878 1938 necessaria
1902 1893 1951 1937 et
1974 1891 2367 1950 exportabantur

314 1954 491 2016 silique
515 1956 565 2000 et
586 1955 682 2000 alia
705 1957 1046 2014 purgamenta,
1074 1957 1123 2000 et
1156 1956 1255 2000 iam
1288 1955 1547 2001 obstructo
1581 1954 1667 2000 illo
1701 1955 1907 2001 introitu
1930 1956 2255 2014 exportantur
2277 1967 2368 2014 per

315 2018 580 2064 ecclesiam
619 2019 670 2064 in
711 2031 943 2077 magnam
988 2017 1309 2064 dedicionem
1356 2018 1541 2064 domui.
1634 2019 1838 2064 Fatetur
1882 2021 2044 2064 totum
2088 2017 2367 2074 articulum,

314 2084 483 2128 tamen
519 2080 643 2127 dicit
678 2081 816 2143 quod
850 2081 916 2127 ad
953 2082 1193 2128 maiorem
1230 2081 1546 2128 honestatem
1585 2082 1650 2127 ad
1690 2081 2060 2128 excludendum
2099 2095 2283 2141 porcos
2318 2083 2369 2126 et

314 2145 436 2191 alias
472 2145 658 2191 bestias
692 2160 721 2190 a
760 2144 989 2202 claustro,
1029 2160 1127 2207 que
1171 2145 1295 2191 illud
1339 2146 1476 2206 prius
1521 2144 1850 2205 deturparunt
1894 2144 2234 2205 ingredientes
2277 2158 2369 2206 per

315 2208 455 2255 illum
477 2209 748 2255 introitum.

446 2285 520 2318 12.
580 2272 707 2318 Item
752 2272 804 2317 in
849 2271 1053 2319 defectu
1108 2273 1345 2332 priorisse
1399 2287 1534 2319 nunc
1583 2273 1630 2332 vj
1685 2272 1928 2319 moniales
1977 2274 2292 2319 recesserunt
2339 2285 2370 2317 a

317 2334 471 2381 domo
493 2335 545 2381 in
567 2335 829 2395 apostasia.
901 2336 1105 2382 Fatetur
1138 2336 1351 2382 totidem
1386 2335 1629 2382 moniales
1661 2337 1942 2394 recessisse,
1978 2336 2169 2398 absque
2200 2338 2370 2382 tamen

317 2413 535 2445 scienma
567 2413 668 2445 sua.

448 2475 519 2522 13.
568 2462 695 2508 Item
728 2463 1074 2522 appropriauit
1105 2463 1200 2508 sibi
1223 2464 1275 2510 in
1300 2463 1595 2509 dormitorio
1618 2462 1730 2509 loca
1753 2466 1965 2526 quatuor
1989 2462 2294 2520 monialium,
2319 2464 2371 2508 et

316 2526 564 2572 obstruxit
602 2529 926 2586 prospectum
964 2541 1136 2572 versus
1174 2527 1496 2582 Thamisiam,
1534 2528 1620 2588 qui
1658 2526 1753 2572 suit
1794 2527 2094 2573 monialibus
2133 2539 2370 2587 magnum

317 2589 570 2635 solacium.
641 2590 844 2636 Fatetur
867 2590 1273 2636 obsti-necionem
1297 2593 1592 2651 prospectus
1617 2605 1678 2637 eo
1701 2590 1839 2652 quod
1861 2590 1987 2637 vidit
2009 2592 2142 2637 viros
2165 2594 2298 2637 stare
2318 2590 2370 2636 in

317 2653 497 2698 arciori
520 2653 656 2698 iuxta
678 2652 950 2700 fenestram
968 2656 1019 2700 et
1040 2653 1179 2715 loqui
1203 2669 1316 2700 cum
1340 2654 1639 2700 monialibus
1660 2671 1671 2701 t
1695 2653 1878 2701 fatetur
1899 2655 2370 2715 appropriacionem

318 2715 557 2763 locorum.

451 2793 523 2839 14.
575 2780 703 2827 Item
740 2779 994 2840 priorissa⁵
1028 2781 1180 2827 vtitur
1215 2781 1375 2828 anulis
1410 2781 1572 2828 aureis
1611 2781 2033 2843 quamplurimum
2068 2781 2372 2841 sumptuosis

319 2857 434 2889 cum
458 2843 668 2889 diuersis
691 2844 902 2903 gemmis
920 2847 970 2890 et
993 2845 1154 2891 eciam
1176 2846 1315 2891 zonis
1333 2845 1604 2904 argentatis
1623 2848 1672 2891 et
1696 2845 1947 2891 deauratis
1965 2848 2016 2891 et
2039 2846 2216 2892 cericis
2232 2844 2369 2900 velis,

320 2909 370 2952 et
405 2906 613 2952 nimium
649 2907 812 2954 eleuat
847 2907 1012 2953 velum
1049 2923 1199 2968 supra
1234 2909 1466 2964 frontem,
1505 2908 1642 2970 quod
1677 2908 1818 2955 frons
1853 2912 2031 2968 patens
2064 2909 2284 2956 totaliter
2306 2907 2371 2954 ab

320 2970 552 3015 omnibus
574 2974 742 3030 potest
763 2970 936 3027 videri,
963 2974 1012 3018 et
1035 2971 1217 3018 fururis
1239 2974 1391 3018 vtitur
1416 2972 1479 3019 de
1502 2973 1654 3018 vario.
1742 2973 1945 3018 Fatetur
1978 2988 2121 3019 vsum
2154 2972 2371 3032 plurium

320 3032 581 3079 anulorum
619 3037 669 3080 et
707 3049 945 3080 zonarum
984 3038 1034 3081 et
1073 3036 1296 3082 velorum
1332 3037 1611 3083 cericorum
1646 3038 1695 3082 et
1729 3036 2072 3083 eleuacionem
2104 3036 2330 3082 velorum
2359 3051 2369 3092 ;

320 3096 503 3205 fatettuss·
526 3098 686 3143 eciam
708 3112 851 3144 Vsum
874 3098 1181 3146 {urrurarum
1205 3100 1269 3146 de
1291 3100 1442 3146 vario.
1527 3100 1715 3146 Iurauit
1747 3099 1902 3162 quod⁶
1933 3100 2029 3146 ista
2061 3098 2374 3146 reformabit⁷

320 3174 436 3219 pres
460 3161 475 3206 i
500 3174 531 3207 o
553 3161 846 3208 iuramento.

421 3271 432 3294 ¹
461 3284 632 3310 asserens
650 3286 688 3310 se
714 3274 933 3312 cancelled.

420 3322 436 3345 '³
462 3336 534 3359 non
552 3337 648 3361 rena
668 3324 885 3362 cancelled.

422 3373 436 3396 ³
465 3374 543 3412 Sic.
600 3375 920 3424 Possiblyfirma
939 3376 972 3415 is
991 3376 1165 3417 ablative
1185 3391 1192 3415 :
1222 3391 1277 3418 sc.
1297 3384 1416 3417 tenus,

422 3424 438 3447 ⁴
457 3431 586 3474 proste
612 3426 831 3465 cancelled.

423 3475 438 3498 ⁵
465 3489 536 3513 non
563 3477 783 3515 cancelled.

422 3525 438 3549 θ
463 3527 627 3566 decetero
653 3528 868 3567 cancelled.

423 3578 438 3602 ⁷
465 3584 502 3615 et
527 3579 744 3617 cancelled.

425 3647 438 3671 ¹
466 3647 743 3708 Alderbourne
770 3649 810 3687 in
841 3649 986 3708 Bucks‚
1013 3658 1054 3689 to
1081 3651 1148 3690 the
1175 3660 1268 3691 west
1297 3653 1339 3691 of
1366 3654 1594 3704 Uxbridge.
1665 3657 1674 3675 ⁴
1692 3653 1797 3692 Tota
1823 3662 1929 3692 terra
1956 3654 2006 3692 de
2035 3654 2256 3693 Alerburn'
2297 3667 2378 3692 was

322 3699 1405 3793 ²m⁰¹3=g133¹0eb281¹¹²31³e⁰⁵i'afcffissssssssssnMa‘ssnffssifflss‘v'v‘ie
1423 3705 1815 3793 ⁰1‘3'f⁰¹¹·¹¹1‘3‘³1¹’“512‘¹¹⁶
1834 3706 1992 3794 ‘'s-iisy'f
2016 3756 2047 3794 E
2080 3756 2105 3794 h
2210 3756 2236 3795 s
2393 3730 2394 3733 ’

323 3798 368 3836 In
389 3800 457 3838 the
475 3763 748 3840 confirmgtion
767 3764 924 3840 eflxarter
940 3805 1111 3852 granted
1140 3806 1191 3854 by
1213 3769 1356 3856 Henrg
1373 3769 1424 3844 III
1451 3769 1589 3845 ῖέῑξὶιιί.
1610 3769 1743 3857 pribry
1756 3769 2006 3845 ῗῃίῗῑιὶῐηοίε
2032 3770 2219 3846 ῐὲαςῗξιέἱ
2241 3769 2377 3845 glarIIyal

318 3850 605 3954 {ifdgffgctisglx
625 3865 734 3891 acres
752 3853 793 3891 of
809 3853 904 3892 land
922 3855 1016 3893 with
1034 3855 1138 3894 their
1156 3865 1474 3907 appurtenances
1492 3858 1531 3896 in
1554 3858 1763 3907 Pernerhs,
1782 3858 1826 3896 of
1840 3859 1910 3897 the
1927 3859 2005 3909 gift
2025 3859 2068 3897 of
2096 3859 2235 3909 Hugh,
2251 3859 2375 3897 abbot
