2476 4412
267 449 339 489 22
716 420 1202 483 ALNWICK·S
1284 416 1848 476 VISITATIONS

260 584 392 630 circa
434 582 681 629 locionem
726 576 1010 625 huiusmodi
1054 589 1285 622 vasorum
1331 575 1616 633 occupetur.
1715 571 2042 618 Prouideatur
2088 572 2153 619 de
2196 588 2296 621 vno

262 647 512 707 garcione.
1492 700 1499 707 ι
1852 699 1859 707 ·
1900 699 1909 707 ⁵

390 709 506 767 (Pro
529 705 809 766 hospitibus
832 702 1166 762 recipiendis.)
1237 701 1364 746 Item
1399 701 1526 759 petit
1548 701 1600 744 vt
1628 713 1741 744 cum
1764 713 1912 744 amici
1936 699 2297 746 monachorum

261 771 326 817 ad
343 773 479 831 ipsos
496 769 729 815 visendos
747 766 1106 813 declinauerint
1124 764 1342 809 habeant
1363 763 1459 822 ipsi
1478 761 1712 808 monachi
1731 776 1996 808 commune
2014 762 2295 823 hospicium

261 834 544 892 monasterij
586 833 668 877 vbi
706 828 956 891 poss[int]
1001 828 1184 875 solacia
1223 827 1345 886 ipsis
1383 826 1557 871 amicis
1596 826 1696 870 suis
1736 825 1988 872 exhibere.
2080 826 2158 873 De
2197 827 2297 873 hoc

260 897 725 1020 prouzclgssglssgrke.)
773 957 900 1001 Item
923 955 1050 1014 petit
1066 956 1118 999 vt
1136 953 1368 999 dominus
1392 966 1484 1012 pro
1504 966 1564 998 eo
1583 951 1887 1011 interpelletl
1903 951 2040 1012 apud
2061 953 2297 1000 abbatem

259 1025 311 1069 vt
333 1023 396 1068 sit
419 1022 513 1068 sibi
537 1022 697 1067 bonus
721 1022 771 1065 et
793 1019 1048 1078 propicius
1075 1020 1232 1077 pater.

386 1123 593 1186 (Contra
619 1122 859 1168 Lincolne
883 1124 932 1166 et
957 1119 1248 1181 Croyland.)
1308 1119 1480 1165 Frater
1503 1118 1757 1179 Johannes
1781 1118 1994 1166 Sallowe
2017 1119 2140 1166 dicit
2162 1119 2300 1182 quod

255 1188 433 1234 fratres
459 1187 707 1233 Henricus
732 1184 974 1230 Lincolne
999 1187 1048 1230 et
1073 1183 1354 1229 Willelmus
1379 1181 1663 1243 Croylande
1685 1184 1826 1228 tanto
1859 1182 2126 1229 intendunt
2157 1186 2298 1243 pota-

258 1251 485 1297 cionibus
523 1253 638 1309 post
677 1248 1057 1307 completorium
1098 1246 1234 1307 quod
1280 1244 1447 1306 [cum]
1491 1247 1719 1291 venerint
1758 1245 1823 1291 ad
1862 1247 2131 1293 matutinas
2167 1247 2299 1293 adeo

257 1327 468 1373 sompno
501 1314 768 1372 grauantur
790 1310 927 1372 quod
958 1310 1240 1369 impediunt
1263 1323 1438 1354 omnes
1460 1309 1512 1354 in
1537 1309 1693 1355 choro
1717 1309 2000 1368 psallentes.
2093 1310 2299 1357 Habent

255 1378 520 1423 terminum
544 1379 657 1435 post
680 1388 864 1420 nonam
889 1373 954 1419 ad
988 1372 1304 1433 purgandum
1328 1387 1380 1418 se
1404 1387 1519 1418 cum
1549 1371 1608 1434 [ij
1635 1372 1924 1435 monachis]
1953 1388 2046 1433 pro
2069 1377 2294 1436 vtroque.

382 1440 586 1499 (Contra
611 1436 888 1498 Parteney.)
974 1437 1102 1482 Item
1136 1436 1257 1481 dicit
1291 1436 1428 1497 quod
1458 1435 1611 1482 frater
1653 1436 1896 1482 Ricardus
1938 1437 2182 1499 Parteney
2221 1440 2298 1483 est

254 1503 620 1563 proprietarius,
646 1516 707 1547 eo
731 1501 867 1562 quod
891 1500 1083 1551 habens
1106 1514 1239 1556 oueS‚
1259 1513 1452 1557 vaccaS,
1478 1500 1635 1546 boues
1659 1502 1710 1546 et
1732 1514 1915 1559 porcos
1939 1515 2027 1547 eos
2049 1501 2224 1548 vendit
2245 1503 2298 1548 et

253 1566 349 1612 alia
381 1567 560 1611 iterum
594 1566 712 1611 emit
746 1562 962 1625 ea[que]
999 1563 1246 1609 conuertit
1269 1564 1320 1608 in
1343 1563 1603 1622 proprium
1626 1578 1768 1609 vsum
1792 1566 1842 1609 et
1864 1579 1966 1610 non
1990 1565 2294 1626 monasterij.

256 1630 419 1689 Negat
441 1628 701 1675 articulum
727 1644 736 1674 :
772 1626 925 1673 habet
948 1627 1214 1673 terminum
1237 1626 1303 1672 ad
1326 1626 1644 1686 purgandum
1668 1642 1721 1673 se
1743 1630 1859 1687 post
1892 1642 2078 1674 nonam
2112 1643 2227 1675 cum
2259 1627 2293 1689 ij

255 1692 529 1738 monachis.

383 1755 589 1815 <Contra
609 1754 848 1800 Lincolne
867 1757 916 1800 et
936 1752 1217 1815 Parteney.)
1266 1754 1393 1799 Item
1412 1753 1535 1799 dicit
1551 1753 1688 1815 quod
1707 1754 1828 1800 dicti
1846 1754 2025 1801 fratres
2046 1755 2297 1802 Henricus

257 1821 307 1865 et
342 1819 583 1865 Ricardus
606 1818 870 1864 intendunt
902 1817 1033 1862 ludis
1055 1817 1364 1864 alearumtde
1388 1820 1550 1874 nocte,
1575 1822 1782 1878 propter
1805 1819 1943 1879 quod
1967 1833 2068 1865 non
2090 1820 2298 1865 veniunt

257 1882 323 1928 ad
346 1884 622 1928 matutinas.
714 1881 962 1927 Henricus
997 1880 1192 1942 n[egat.
1285 1880 1556 1942 Ricardus]
1588 1882 1836 1928 abiurauit
1859 1886 1909 1928 et
1931 1883 2124 1929 iurauit.
2215 1883 2294 1928 In-

259 1946 479 1991 iunctum
502 1949 576 1991 est
599 1946 692 1991 sibi
710 1945 846 2006 quod
869 1944 998 1989 infra
1015 1945 1320 2006 quindenam
1339 1945 1475 1990 dicat
1496 1945 1712 2004 primum
1735 1949 2033 1992 nocturnum
2057 1947 2294 2007 psalterij.

387 2009 590 2064 (Contra
606 2009 873 2066 abbatem.)
916 2008 1042 2053 Item
1059 2009 1181 2054 dicit
1198 2008 1261 2054 de
1275 2009 1676 2055 iniunccionibus
1690 2024 1780 2068 per
1793 2009 2020 2055 Vltimum
2035 2011 2295 2056 dominum

260 2073 549 2131 episcopum
572 2087 672 2118 non
697 2072 930 2118 exhibitis
954 2086 1048 2118 nec
1070 2073 1361 2118 obseruatis.

386 2136 504 2197 (Pro
528 2137 758 2181 cantariis
782 2138 832 2180 et
854 2136 1004 2180 missa
1026 2150 1118 2195 pro
1142 2137 1294 2195 rege.)
1343 2136 1470 2181 Item
1495 2135 1618 2181 dicit
1642 2135 1706 2182 de
1730 2138 1964 2182 cantariis
1986 2140 2038 2182 vt
2061 2151 2224 2197 supra,
2244 2140 2295 2184 et

260 2197 381 2245 dicit
403 2199 538 2260 quod
561 2199 784 2260 quotidie
809 2199 1017 2244 deberet
1039 2214 1135 2244 vna
1159 2201 1309 2244 missa
1331 2199 1574 2245 celebrari
1607 2214 1700 2259 pro
1734 2213 1853 2259 rege
1886 2201 1938 2246 in
1972 2202 2291 2258 monasterio,

258 2262 323 2307 ad
346 2277 494 2324 quam
512 2261 921 2323 celebra[ndam]
946 2263 1178 2308 monachi
1203 2263 1490 2309 sacerdotes
1513 2267 1627 2308 sunt
1650 2264 1808 2320 iurati,
1829 2266 1879 2310 et
1901 2268 2070 2311 tamen
2087 2265 2293 2326 quidam

258 2329 307 2371 et
345 2327 605 2384 presertim
644 2325 795 2371 frater
832 2326 1085 2386 Johannes
1124 2326 1258 2372 Hole
1296 2327 1540 2372 subtraxit
1584 2341 1638 2372 se
1682 2342 1711 2372 a
1750 2327 2098 2374 celebracione
2143 2329 2293 2375 misse

257 2388 493 2434 eiusdem.
563 2389 731 2434 Habet
753 2390 1018 2434 terminum
1042 2390 1289 2449 purgandi
1318 2388 1426 2451 [se]
1455 2405 1568 2435 cum
1591 2391 1642 2450 iij
1669 2392 1942 2437 monachis.

384 2452 508 2498 Item
547 2452 667 2498 dicit
702 2452 839 2513 quod
874 2453 1078 2499 iuuenes
1115 2453 1349 2499 monachi
1386 2467 1487 2498 non
1523 2454 1712 2499 habent
1747 2456 1832 2516 qui
1869 2470 1956 2501 eos
1995 2455 2174 2502 radent
2197 2456 2292 2502 nisi

255 2514 524 2561 seinuicem
555 2533 564 2562 :
612 2516 856 2575 contingit
900 2517 1067 2575 sepius
1111 2517 1248 2578 quod
1292 2519 1499 2576 propter
1544 2517 1830 2564 huiusmodi
1876 2533 2049 2565 eorum
2092 2519 2293 2566 tardum

254 2577 564 2639 a[ccessum]
593 2579 658 2624 ad
681 2579 889 2625 chorum
913 2593 1093 2639 magna
1117 2581 1267 2626 missa
1289 2580 1571 2627 celebratur
1593 2581 1783 2642 absque
1807 2585 1938 2628 nota.

381 2642 584 2700 (Contra
612 2642 779 2704 Hole.)
833 2643 959 2688 Item
984 2644 1106 2690 dicit
1129 2644 1266 2705 quod
1294 2644 1448 2690 frater
1469 2644 1723 2706 Johannes
1750 2645 1883 2692 Hole
1907 2649 1983 2692 est
2006 2645 2293 2693 diffamatus

254 2718 401 2763 super
438 2705 682 2751 adulterio
719 2721 831 2751 cum
870 2706 1099 2767 Johanua
1142 2708 1315 2753 Rauen
1355 2708 1420 2753 de
1460 2708 1726 2769 Bardeney
1766 2711 2045 2770 coniugata.
2126 2711 2293 2771 Negat

253 2767 527 2814 articulum.
597 2769 765 2815 Habet
786 2771 1053 2815 terminum
1077 2774 1192 2830 post
1216 2786 1399 2817 nonam
1423 2771 1490 2816 ad
1513 2772 1829 2831 purgandum
1859 2772 1983 2835 [se.]

381 2831 585 2888 (Contra
621 2833 814 2893 Bracy.)
884 2833 1011 2879 Item
1043 2834 1196 2880 frater
1233 2834 1486 2896 Johannes
1522 2835 1684 2896 Bracy
1718 2835 2006 2883 diffamatus
2036 2840 2144 2884 erat
2177 2853 2290 2884 cum

255 2892 413 2939 Elena
457 2894 592 2940 Coke
637 2897 932 2955 coniugata,2
976 2912 1108 2943 nunc
1153 2898 1218 2944 de
1261 2899 1474 2959 Tumby.
1565 2899 1731 2958 Negat
1774 2901 2038 2947 articulum
2069 2918 2079 2948 :
2136 2902 2291 2948 habet

252 2958 516 3003 terminum
539 2962 652 3017 post
674 2973 857 3005 nonam
879 2960 944 3006 ad
968 2962 1282 3020 purgandum
1306 2977 1359 3008 se
1382 2977 1496 3008 cum
1518 2963 1569 3022 iij
1601 2961 1935 3026 [monachis]

379 3021 587 3080 (Contra
604 3023 875 3068 seruientes
893 3023 1125 3086 abbatis.)
1173 3026 1287 3072 Duo
1310 3026 1515 3072 iuuenes
1533 3031 1792 3073 manentes
1816 3043 1930 3074 cum
1947 3029 2144 3087 abbate,
2163 3044 2290 3076 vnus

253 3081 608 3130 Barkeworthe
647 3089 696 3131 et
734 3087 858 3131 alius
898 3088 1164 3149 Taylboys‚
1201 3089 1577 3149 reprehendunt
1616 3091 1894 3138 monachos
1932 3093 2164 3150 iuniores,
2211 3092 2290 3154 [et

250 3145 525 3208 Taylboys]
569 3150 718 3194 traxit
754 3150 1006 3196 cultellum
1045 3166 1188 3198 suum
1227 3153 1292 3198 ad
1331 3153 1724 3212 percuciendum
1762 3155 1968 3202 fratrem
2007 3156 2288 3218 Johannem

254 3207 401 3265 Roos,
427 3213 476 3255 et
497 3210 563 3255 ad
586 3210 684 3257 hoc
707 3217 1100 3272 manutenentur‚
1126 3215 1217 3261 sed
1241 3217 1401 3262 nescit
1423 3232 1513 3276 per
1537 3231 1663 3279 quos
1685 3218 1765 3264 vel
1788 3233 1951 3280 quem.

380 3272 584 3333 (Contra
608 3275 862 3337 Bartone.)
925 3278 1052 3323 Item
1075 3278 1198 3324 dicit
1221 3280 1359 3341 quod
1382 3295 1483 3326 non
1507 3284 1583 3326 est
1606 3281 1914 3329 satisfactum
1938 3283 2200 3331 monachis
2223 3283 2288 3331 de

250 3335 513 3393 speciebus
547 3339 597 3382 et
630 3338 840 3384 cultellis
873 3340 1128 3388 soluendis
1154 3357 1245 3402 per
1268 3346 1434 3390 certos
1456 3344 1739 3402 officiarios,
1764 3346 2002 3394 videlicet
2025 3348 2286 3395 elemosin-

248 3398 419 3454 arium,
444 3398 866 3460 piet[anciarium,
889 3403 1029 3464 etc.].

349 3508 359 3531 ¹
391 3508 455 3546 Sic
473 3523 486 3546 .·
514 3509 575 3547 for
595 3512 824 3560 interpellat.

348 3558 365 3581 ²
392 3559 608 3598 Interlined
627 3562 751 3601 above
770 3566 815 3600 de
833 3578 873 3602 eo
891 3567 1109 3607 cancelled.

270 3691 277 3698 ¹
349 3639 361 3663 ¹
389 3639 487 3698 This
505 3641 659 3700 impl-ies
678 3643 766 3681 that
793 3644 860 3682 the
886 3648 1146 3695 guest-house
1177 3654 1258 3701 (see
1284 3662 1379 3693 note
1408 3669 1459 3694 on
1487 3670 1526 3706 p·
1557 3670 1607 3705 14
1635 3658 1785 3706 above)
1814 3671 1892 3696 was
1917 3665 1988 3696 not
2015 3659 2111 3698 used
2139 3667 2180 3700 at
2206 3661 2288 3700 this

249 3698 344 3730 time
364 3691 423 3728 for
442 3700 492 3730 its
511 3694 680 3742 original
699 3707 884 3745 purpose.

346 3744 362 3766 2
389 3741 464 3779 See
491 3752 584 3781 note
610 3757 661 3781 on
689 3751 788 3791 nota,
828 3747 1047 3788 Visitations
1074 3760 1102 3799 1,
1131 3764 1219 3802 239.

349 3793 365 3817 ⁸
390 3791 448 3831 Or
478 3793 597 3833 Rose.

349 3843 366 3868 ⁴
392 3843 466 3882 See
490 3855 584 3883 note
613 3855 632 3883 2
660 3859 712 3885 on
740 3859 779 3897 p.
810 3855 854 3894 17
882 3850 1019 3892 above.
