2488 4296
279 405 358 477 78
749 401 1235 480 ALNWICK'S
1319 400 1885 460 VISITATIONS

275 559 603 614 administret,
649 559 998 618 reparaciones
1041 558 1192 604 faciat
1231 561 1281 604 et
1320 573 1469 618 super
1507 557 1948 604 administracione
1986 572 2075 604 sua
2116 557 2318 604 fidelem

275 626 565 682 compotum
588 622 793 681 singulis
816 622 958 667 annis
981 622 1060 667 cui
1084 621 1442 667 mandabimus1
1465 620 1614 680 plane
1637 620 1828 666 reddat.

405 686 532 731 Item
556 685 856 740 ordinamus,
882 684 1110 730 volumus
1133 687 1182 730 et
1207 684 1520 744 disponimus
1543 686 1595 728 vt
1619 697 1794 729 omnes
1816 697 1907 729 vos
1930 686 1980 729 et
2003 698 2318 731 successores

274 750 425 794 vestri
450 748 595 793 simul
618 749 668 792 in
692 762 788 793 vna
813 747 966 793 domo
1000 747 1130 793 infra
1163 751 1305 807 septa
1339 748 1460 792 dicti
1494 747 1781 806 monasterij
1819 747 1912 791 nisi
1946 746 2206 793 infirmitas
2238 748 2318 794 vel

274 812 370 858 alia
392 826 541 857 causa
563 811 786 870 legitima
808 810 1050 869 impediat
1083 811 1134 855 in
1169 811 1420 856 communi
1455 809 1746 865 comedatiS,
1771 824 1959 871 vosque
1993 810 2150 855 abbas
2182 810 2315 868 xxd.,

275 874 805 935 singuliqueycanonici
840 873 1061 932 singulos
1083 874 1239 933 xiiijd.
1266 888 1357 932 pro
1386 873 1683 919 communiis
1705 874 1882 918 vestris
1906 875 1956 918 et
1989 874 2089 918 suis
2111 873 2318 932 singulis

275 939 578 997 septimanis,
604 951 663 982 ac
686 952 775 982 vos
798 937 954 982 abbas
977 937 1082 992 xls.,
1102 937 1382 998 singulique
1404 936 1633 982 canonici
1658 935 1944 981 huiusmodi
1967 936 2188 996 singulos
2210 951 2315 983 xxs.

275 1002 479 1060 singulis
523 1001 666 1045 annis
709 1000 774 1045 ad
818 1001 1051 1045 vestitum
1095 1003 1314 1045 vestrum
1359 999 1423 1045 de
1468 998 1697 1044 manibus
1737 998 1858 1044 dicti
1902 999 2318 1046 administratoris

274 1064 564 1124 percipiatis
599 1066 649 1108 et
684 1064 976 1122 percipiant.
1045 1063 1254 1123 Sintque
1289 1064 1340 1107 in
1376 1062 1680 1108 monasterio
1716 1063 1828 1121 ipso
1863 1063 2083 1124 quinque
2118 1063 2317 1109 honesti

275 1127 521 1173 seculares
545 1127 819 1172 seruientes
843 1130 893 1172 et
916 1140 1017 1172 non
1040 1126 1221 1186 plures,
1240 1125 1476 1172 videlicet
1498 1140 1622 1171 vnus
1645 1139 1798 1172 cocus
1816 1140 1929 1171 cum
1946 1140 2045 1171 vno
2067 1126 2316 1186 garcione,

274 1190 484 1236 clericus
529 1189 741 1235 ecclesie
784 1192 949 1235 vestre
1003 1190 1362 1245 conuentualis,
1409 1189 1533 1234 alius
1588 1188 1688 1248 qui²
1741 1188 1994 1235 cellariam
2049 1189 2314 1246 custodiat,

274 1254 503 1313 prouisor
524 1253 811 1298 victualium
834 1255 1113 1298 vestrorum
1146 1254 1326 1298 existat
1358 1255 1409 1298 et
1440 1252 1585 1297 vobis
1618 1252 1802 1298 seruiat
1834 1252 1885 1297 in
1919 1267 2104 1308 mensa,
2129 1267 2188 1298 ac
2221 1266 2320 1298 vna

273 1316 370 1362 alia
393 1316 604 1362 honesta
637 1330 852 1375 persona
875 1331 973 1377 que
996 1316 1250 1376 obsequiis
1272 1316 1423 1361 vestri
1458 1315 1654 1360 abbatis
1677 1315 1906 1360 intendat
1929 1332 1939 1372 ;
1975 1318 2025 1360 et
2048 1315 2116 1376 hij
2143 1330 2319 1362 omnes

274 1379 542 1439 stipendia⁸
578 1379 642 1425 de
679 1379 908 1425 manibus
945 1379 1067 1424 dicti
1103 1379 1522 1424 administratoris
1557 1393 1658 1439 quo
1692 1378 1869 1424 melius
1902 1379 2087 1438 poterit
2109 1393 2224 1425 cum
2246 1380 2321 1425 eis

274 1443 544 1488 conuenire
567 1443 861 1502 percipiant,
881 1456 1131 1503 cocusque
1156 1446 1206 1488 et
1228 1443 1399 1502 garcio
1421 1457 1481 1488 ac
1503 1442 1732 1501 prouisor
1748 1442 2035 1487 victualium
2059 1442 2124 1488 de
2147 1457 2321 1489 mensa

274 1509 439 1552 vestra
477 1506 664 1562 victum,
701 1506 910 1552 clericus
949 1506 1161 1561 ecclesie
1197 1509 1248 1551 et
1282 1506 1504 1552 seruiens
1538 1506 1688 1551 vestri
1722 1505 1918 1551 abbatis
1949 1505 2170 1565 singulos
2203 1507 2320 1552 octo

275 1569 506 1615 denarios
530 1569 735 1628 singulis
759 1570 1050 1628 septimanis
1067 1572 1158 1629 pro
1181 1569 1461 1615 communiis
1481 1568 1578 1613 suis
1611 1568 1676 1614 de
1709 1569 1940 1614 manibus
1973 1569 2095 1615 dicti
2128 1569 2320 1615 admin-

274 1633 518 1679 istratoris
552 1633 844 1692 percipiant.
915 1633 1210 1678 Habeantur
1244 1633 1403 1678 eciam
1437 1647 1562 1678 vnus
1595 1632 1727 1678 lotor
1760 1635 1811 1678 et
1843 1647 1969 1678 vnus
2002 1632 2322 1679 barbitonsor

275 1697 359 1758 qui
398 1697 541 1742 vobis
579 1697 750 1742 abbati
786 1699 836 1742 et
873 1697 1127 1742 canonicis
1164 1695 1457 1753 deseuiant,⁴
1492 1696 1669 1742 salaria
1704 1710 1793 1741 sua
1826 1697 1891 1742 de
1925 1695 2156 1742 manibus
2199 1695 2322 1742 dicti

275 1760 692 1806 administratoris
714 1761 1013 1819 percepturi.

1199 1914 1378 1973 XVI.

962 2031 1077 2094 [Fo.
1114 2047 1141 2078 2
1146 2031 1258 2094 5d.]
1329 2033 1649 2079 ALNEWYKE.

275 2156 541 2203 VISITACIO
566 2169 882 2203 MONASTERIJ
908 2169 977 2202 DE
1008 2155 1552 2213 DORCACESTRIA,
1577 2169 1792 2203 ORDINIS
1814 2168 1993 2202 SANCTI
2018 2155 2323 2213 AUGUS‘rlNI,

469 2220 876 2266 LINCOLNIENSIS
933 2232 1180 2275 DIOCESIS,
1233 2233 1392 2265 FACTA
1449 2232 1503 2265 m
1561 2233 1711 2266 DOMO
1767 2232 2075 2266 CAPITULARI
2133 2232 2324 2266 IBmEM

464 2296 573 2329 XXIJ
599 2296 689 2328 DIE
715 2296 902 2328 MENS1s
928 2284 1068 2340 MA1J,
1095 2296 1235 2329 ANNo
1272 2284 1478 2329 DoM1N1
1514 2295 1968 2340 MCCCCXLQUINTO,
1995 2296 2096 2329 PER
2130 2296 2325 2330 REUER-

468 2359 655 2392 ENDUM
693 2359 747 2392 IN
783 2347 1014 2393 CHRISTO
1050 2359 1257 2392 PATREM
1284 2359 1348 2392 ET
1380 2359 1649 2404 DOMINUM,
1677 2359 1931 2393 DOMINUM
1955 2347 2325 2403 WILLELMUM‚

469 2411 571 2455 DE1
606 2423 795 2456 GRACIA
832 2411 1269 2456 LINCOLNIENSEM
1306 2422 1614 2468 EPISCOPUM,
1641 2423 1849 2456 SUARUM
1885 2422 2328 2457 CONSECRACIONIS

466 2486 606 2520 ANNo
639 2480 752 2519 X1x⁰
787 2486 851 2519 ET
883 2486 1286 2520 TRANSLACIONIS
1321 2486 1478 2520 NoNO.

405 2576 462 2622 In
487 2576 674 2635 primis,
700 2575 910 2622 sedente
933 2576 1071 2622 dicto
1094 2575 1374 2622 reuerendo
1397 2579 1540 2636 patre
1563 2576 1862 2623 iudicialiter
1893 2590 1985 2636 pro
2007 2576 2243 2623 tribunali
2276 2576 2328 2622 in

275 2639 560 2685 huiusmodi
582 2640 888 2685 visitacionis
911 2654 998 2685 sue
1022 2640 1234 2699 negocio
1269 2640 1365 2697 die,
1390 2655 1523 2686 anno
1558 2643 1607 2686 et
1639 2640 1753 2686 loco
1787 2641 2041 2699 predictis,
2067 2654 2326 2700 comparu-

275 2706 419 2748 erunt
442 2718 611 2748 coram
635 2717 696 2748 eo
719 2703 1048 2762 personaliter
1070 2703 1227 2749 abbas
1251 2706 1300 2749 et
1334 2704 1563 2749 canonici
1597 2703 1720 2749 dicti
1754 2704 2058 2763 monasterij‚
2082 2703 2242 2763 parati
2275 2705 2328 2749 vt

274 2767 505 2826 apparuit
541 2766 605 2811 ad
645 2766 960 2812 subeundum
1000 2766 1344 2812 visitacionem
1385 2767 1670 2812 huiusmodi
1701 2784 1711 2824 ;
1758 2770 1808 2813 et
1848 2767 2034 2813 deinde
2073 2767 2236 2826 primo
2277 2769 2328 2812 et

274 2834 391 2875 ante
429 2830 598 2875 omnia
634 2830 934 2875 venerabilis
972 2830 1047 2875 vir
1086 2830 1322 2890 magister
1366 2830 1620 2891 Johannes
1662 2830 1920 2890 Beuerley,
1964 2845 2105 2877 sacre
2143 2830 2326 2889 pagine

275 2892 543 2952 professor,
569 2893 782 2939 ecclesie
808 2893 1174 2939 Lincolniensis
1207 2895 1492 2950 canonicus,
1517 2895 1655 2939 iuxta
1687 2897 1829 2940 actus
1862 2893 2014 2939 futuri
2047 2907 2324 2952 congruen-

275 2957 404 3001 ciam
428 2959 477 3001 et
500 2957 732 3016 auditorij
759 2957 1050 3018 qualitatem
1073 2958 1336 3016 proposuit
1357 2958 1567 3003 verbum
1603 2957 1697 3003 Dei
1732 2971 1947 3018 sequens
1981 2957 2080 3003 hoc
2112 2956 2284 3002 thema
2313 2973 2324 3003 ε

277 3019 503 3065 ‘Habete
527 3034 704 3079 pacem
727 3023 777 3065 et
803 3020 939 3065 Deus
962 3021 1101 3079 pacis
1125 3021 1218 3066 erit
1235 3019 1530 3076 vobiscum',
1551 3020 1667 3066 etc.⁵
1711 3021 1822 3079 Quo
1840 3021 1892 3065 in
1914 3020 2070 3066 latino
2095 3033 2326 3066 sermone

275 3082 590 3128 laudabiliter
612 3081 767 3140 finito,
792 3083 946 3129 frater
978 3083 1165 3129 Alanus
1200 3084 1464 3141 Batesone‚
1489 3084 1646 3129 abbas
1669 3083 1791 3129 dicti
1815 3083 2119 3143 monasterij,
2143 3081 2324 3129 certifi-

276 3147 519 3192 catorium
558 3146 780 3192 mandati
821 3146 943 3192 dicti
983 3147 1247 3193 reuerendi
1286 3147 1441 3206 patris
1480 3146 1646 3193 eidem
1684 3147 1856 3192 abbati
1895 3161 1988 3206 pro
2031 3147 2325 3192 visitacione

275 3209 560 3255 huiusmodi
578 3209 811 3256 facienda
828 3210 1006 3256 directi
1024 3214 1324 3270 conceptum
1344 3212 1393 3256 et
1411 3210 1573 3270 sigillo
1590 3210 1745 3269 ipsius
1761 3210 1959 3256 abbatis
1976 3209 2324 3256 confirmatum

276 3272 413 3318 dicto
437 3273 716 3319 reuerendo
739 3274 869 3332 patri
893 3288 1006 3319 cum
1030 3274 1320 3320 reuerencia
1343 3273 1514 3320 debita
1536 3274 1855 3333 presentauit.
1914 3274 2026 3332 Quo
2048 3287 2138 3332 per
2159 3274 2323 3333 ipsum

378 3386 392 3411 ¹
419 3385 580 3424 Altered
601 3385 700 3422 from
719 3385 958 3423 mandamus.

376 3436 394 3460 ²
422 3436 641 3474 Interlined
662 3437 788 3474 above
807 3436 906 3485 quod
921 3436 1136 3474 cancelled.

377 3487 392 3512 ³
417 3494 454 3527 et
469 3491 618 3527 victum
638 3487 856 3525 caneelled.

377 3540 393 3563 ⁴
419 3540 494 3577 Sic.

377 3591 392 3615 ⁵
421 3600 439 3628 2
463 3591 556 3629 Cor.
577 3598 671 3637 xm,
694 3598 734 3626 11
762 3602 770 3625 :
801 3591 962 3638 ‘pacem
980 3589 1136 3637 habete,
1155 3602 1195 3628 et
1215 3590 1324 3628 Deus
1344 3590 1450 3639 pacis
1469 3598 1509 3628 et
1527 3589 1751 3627 dilectionis
1770 3590 1841 3627 erit
1862 3589 2103 3628 vobiscum'.

379 3681 391 3705 ¹
421 3681 496 3719 See
523 3690 618 3718 note
646 3693 695 3717 on
725 3693 764 3729 p.
797 3689 842 3725 33
871 3681 1009 3717 above.

377 3731 394 3755 ²
422 3732 552 3770 There
581 3732 616 3769 is
634 3744 685 3768 no
705 3740 873 3768 account
904 3731 947 3767 of
974 3731 1034 3768 his
1053 3731 1224 3769 election
1243 3744 1288 3768 or
1305 3730 1595 3769 confirmation.
1650 3730 1738 3768 The
1758 3731 1923 3768 number
1942 3730 1985 3768 of
2000 3743 2165 3778 canons,
2184 3729 2323 3768 eleven

276 3784 316 3821 in
341 3783 493 3831 March,
517 3793 629 3830 1441,
650 3782 728 3819 had
748 3782 949 3819 dwindled
970 3792 1012 3819 to
1028 3781 1153 3830 eight.
1213 3782 1248 3818 If
1268 3782 1467 3828 Carnelle,
1487 3795 1528 3819 as
1547 3783 1579 3819 is
1599 3781 1802 3831 probable,
1821 3794 1912 3831 may
1932 3782 1979 3819 be
1999 3781 2207 3820 identified
2226 3780 2322 3818 with

278 3834 463 3875 Calethra
496 3837 578 3881 (see
609 3833 763 3880 below),
783 3833 842 3869 six
871 3846 1019 3870 canons
1048 3832 1127 3870 had
1158 3834 1284 3871 either
1302 3833 1394 3871 died
1415 3847 1457 3871 or
1477 3833 1546 3871 lest
1575 3834 1642 3870 the
1660 3845 1831 3871 convent
1851 3833 1889 3870 in
1910 3833 1978 3871 the
1997 3832 2180 3872 interval.
2237 3832 2324 3871 The
