2488 4296
254 410 370 467 179
704 388 1193 450 ALNWICK'S
1278 392 1844 465 VISITATIONS

377 551 504 595 Item
551 549 673 594 dicit
719 549 855 610 quod
901 549 1161 595 silencium
1206 564 1307 596 non
1347 552 1571 596 seruatur
1607 550 1689 595 vix
1728 551 1778 594 in
1818 550 1986 610 aliquo
2026 549 2301 594 secundum

250 613 484 672 regulam.

380 676 552 721 Frater
579 675 853 721 Nicholaus
882 676 1149 722 Holbeche
1186 676 1308 722 dicit
1345 675 1481 737 quod
1518 691 1642 721 vnus
1678 676 1949 722 canonicus
1987 675 2166 721 domus
2199 676 2302 733 agit

248 739 312 785 ad
338 741 490 793 extra,
517 738 581 784 de
605 738 816 784 licencia
839 742 1007 785 tamen
1032 740 1226 798 prioriS.

379 803 505 848 Item
543 801 666 847 dicit
702 801 839 862 quod
875 802 1083 848 cancelli
1123 803 1447 848 ecclesiarum
1469 804 1903 861 appropriatarum
1929 804 1978 848 et
2001 801 2143 861 plura
2167 803 2301 846 tene—

247 868 416 912 menta
440 866 688 923 prioratus
712 867 826 910 sunt
851 865 1058 911 multum
1083 866 1300 912 ruinosa.

380 929 553 974 Frater
589 927 873 974 Willelmus
909 929 1111 985 Yarum,
1142 931 1423 988 precentor,
1460 928 1583 974 dicit
1621 929 1684 975 de
1722 929 1967 975 corrodiis
2003 927 2219 974 venditis
2252 930 2304 973 vt

250 1006 412 1051 supra,
440 994 488 1036 et
513 991 637 1036 citra
660 991 922 1037 licenciam
947 993 1187 1051 episcopi.

382 1055 555 1100 Frater
584 1054 834 1100 Henricus
852 1055 1098 1101 Westone
1123 1055 1245 1101 dicit
1269 1055 1438 1101 omnia
1455 1055 1598 1111 bene,
1619 1058 1787 1115 preter
1806 1054 1905 1101 hoc
1928 1054 2065 1116 quod
2089 1054 2303 1113 sigillum

251 1132 516 1164 commune
541 1132 641 1163 non
680 1117 851 1163 debite
887 1122 1124 1175 seruatur,
1150 1119 1266 1180 quia
1301 1118 1609 1179 aliquociens
1645 1120 1877 1178 supprior
1913 1123 1963 1164 et
1997 1118 2306 1179 aliquociens

250 1183 517 1241 precentor
541 1195 631 1240 per
654 1181 804 1240 longa
827 1185 1056 1240 tempora
1079 1182 1239 1227 solum
1274 1181 1463 1227 habent
1499 1196 1673 1228 omnes
1710 1182 1876 1228 claues
1913 1181 2141 1227 custodie
2176 1180 2306 1226 illius

251 1245 399 1304 sigilli
438 1245 489 1289 in
528 1259 699 1290 eorum
737 1245 997 1291 manibus:
1034 1246 1160 1304 petit
1183 1245 1332 1304 igitur
1355 1244 1501 1290 huius
1536 1246 1606 1291 rei
1630 1245 2062 1301 reformacionem,
2087 1259 2150 1290 ne
2184 1243 2306 1304 quid

252 1309 586 1367 dampnosum
611 1307 781 1352 domui
807 1322 896 1366 per
920 1308 1018 1354 hoc
1032 1310 1314 1367 contingat.

383 1372 556 1416 Frater
579 1371 802 1416 Thomas
825 1371 1124 1432 Asfordeby,
1151 1373 1356 1418 sacrista
1381 1375 1430 1418 et
1455 1372 1842 1426 elemosinarius,
1865 1372 1987 1417 dicit
2011 1370 2147 1432 quod
2171 1370 2307 1430 prior

251 1450 353 1480 non
378 1434 545 1480 reddit
569 1437 860 1494 compotum
885 1436 1139 1481 annuatim
1162 1436 1213 1480 in
1238 1435 1336 1482 fine
1360 1437 1476 1481 anni
1504 1436 1796 1495 plenarium,
1817 1438 1867 1482 et
1891 1436 1961 1482 sic
1986 1449 2087 1481 non
2111 1435 2308 1480 constat

250 1498 522 1544 conuentui
546 1498 596 1542 in
621 1501 861 1558 quantum
887 1498 1066 1544 domus
1090 1498 1410 1544 indebitatur.

385 1562 511 1607 Item
537 1561 658 1606 dicit
683 1561 747 1607 de
771 1562 977 1607 silencio
1002 1577 1103 1608 non
1127 1565 1325 1608 seruato
1348 1566 1400 1608 vt
1424 1577 1586 1622 supra.

385 1625 512 1670 Item
538 1624 660 1669 dicit
683 1625 820 1686 quod
844 1625 1116 1671 elemosina
1141 1641 1238 1687 que
1262 1626 1407 1671 datur
1431 1641 1523 1685 pro
1547 1627 1802 1672 canonicis
1834 1625 2085 1671 defunctis
2118 1623 2305 1684 aliquo-

256 1690 393 1733 ciens
427 1689 704 1746 assignatur
741 1689 1073 1734 seruientibus
1110 1689 1289 1735 domus
1325 1690 1374 1734 in
1413 1689 1815 1749 supplementum
1850 1690 2010 1734 victus
2031 1688 2121 1733 'sui
2158 1701 2308 1748 quem

256 1752 502 1797 haberent
526 1751 590 1796 de
614 1751 780 1808 domo,
806 1752 914 1797 aliis
938 1753 1242 1811 pauperibus
1266 1753 1484 1798 seclusis.

388 1815 515 1860 Item
539 1814 663 1860 dicit
687 1814 750 1861 de
775 1815 1020 1861 corrodiis
1044 1815 1262 1861 venditis
1284 1819 1336 1861 vt
1360 1831 1509 1875 supra
1532 1817 1639 1862 sine
1663 1816 1875 1862 licencia
1899 1815 2137 1874 episcopi.
2209 1814 2310 1859 Iste

261 1878 522 1937 deponens
562 1878 711 1924 vellet
751 1879 1011 1925 exonerari
1050 1879 1113 1924 de
1149 1878 1326 1925 officiis
1363 1880 1477 1936 suis,
1514 1882 1566 1925 vt
1601 1880 1805 1925 liberius
1841 1881 2013 1938 posset
2048 1876 2310 1924 intendere

256 1955 469 2001 orgams.

389 2004 509 2066 [Fo.
552 2004 692 2065 97d.]
800 2006 972 2051 Frater
1018 2006 1271 2067 Johannes
1317 2006 1737 2066 Northamptone,
1785 2006 2030 2065 supprior,
2078 2004 2201 2050 dicit
2245 2003 2310 2049 de

256 2069 463 2114 silencio
502 2083 601 2114 non
639 2071 836 2115 seruato
872 2072 924 2114 vt
960 2085 1123 2129 supra,
1163 2072 1212 2116 et
1249 2070 1313 2115 de
1350 2073 1588 2130 compoto
1625 2070 1851 2130 plenario
1889 2083 1988 2115 non
2025 2068 2226 2114 reddito
2259 2069 2311 2112 vt

257 2147 422 2191 supra.

386 2196 559 2241 Frater
584 2195 866 2241 Willelmus
893 2197 1269 2256 Lughtburghe,
1296 2197 1659 2253 refectorarius,
1686 2197 1810 2243 dicit
1833 2195 1970 2257 quod
2004 2194 2312 2240 infirmantes

258 2273 358 2304 non
395 2261 671 2306 tractantur
711 2259 922 2306 honeste
962 2261 1240 2306 secundum
1277 2261 1499 2320 regulam
1538 2264 1590 2306 vt
1628 2261 1677 2305 in
1719 2260 1845 2306 cibis
1882 2258 2223 2304 subtilioribus
2263 2260 2312 2302 et

257 2322 532 2377 medicinis,
560 2337 652 2368 nec
677 2322 888 2368 habetur
911 2327 963 2369 vt
987 2324 1134 2370 solito
1158 2339 1282 2369 vnus
1306 2325 1529 2370 seruiens
1563 2324 1799 2370 secularis
1833 2324 1883 2368 in
1918 2321 2200 2377 infirmaria,
2227 2321 2311 2383 qui

256 2385 505 2431 deseruiat
531 2385 910 2432 infirmantibus.

384 2450 509 2495 Item
535 2449 657 2494 dicit
681 2449 745 2495 de
769 2450 994 2508 plenario
1018 2453 1258 2510 compoto
1282 2466 1382 2496 non
1408 2450 1608 2498 reddito
1632 2453 1683 2495 vt
1707 2465 1869 2509 supra,
1896 2451 1946 2495 et
1969 2448 2085 2495 ideo
2109 2447 2220 2494 nec¹
2247 2447 2311 2493 de

256 2515 384 2557 statu
411 2513 590 2558 domus
612 2527 675 2557 an
699 2513 1005 2559 indebitetur
1030 2529 1204 2560 necne.
1383 2509 1394 2520 ⁰

384 2577 511 2622 Item
549 2575 672 2621 dicit
710 2576 773 2622 de
810 2578 1012 2623 raritate
1050 2579 1407 2624 canonicorum
1431 2581 1483 2623 vt
1508 2593 1670 2637 supra,
1697 2581 1747 2624 et
1770 2580 1938 2623 tamen
1974 2577 2042 2622 hii
2079 2577 2163 2637 qui
2198 2577 2312 2620 sunt

253 2639 372 2683 adeo
406 2640 658 2685 intendunt
691 2640 759 2684 ad
794 2641 1029 2686 exteriora
1056 2642 1182 2700 quod
1206 2657 1318 2688 raro
1342 2642 1421 2688 vel
1445 2643 1664 2700 segniter
1688 2642 1894 2688 veniunt
1917 2640 1982 2686 ad
2011 2637 2314 2702 [chorum],²

253 2705 303 2746 et
326 2702 443 2748 ideo
468 2703 692 2747 diuinum
717 2703 1015 2765 obsequium
1040 2719 1139 2750 non
1170 2704 1519 2765 [obseruatur]
1544 2705 1729 2761 debite,
1755 2707 1807 2750 vt
1831 2704 2054 2750 deberet.

384 2766 557 2811 Frater
585 2766 834 2812 Robertus
861 2768 1237 2828 Brentyngham
1263 2769 1385 2814 dicit
1408 2768 1546 2829 quod
1570 2769 1738 2814 Omnia
1762 2769 1905 2813 bene.

384 2829 557 2874 Frater
594 2829 817 2875 Thomas
856 2831 1030 2890 Myles,
1057 2831 1451 2888 subcellerarius,
1479 2831 1600 2877 dicit
1638 2832 1807 2878 omnia
1844 2832 1987 2886 bene,
2013 2832 2181 2889 preter
2214 2828 2313 2874 hoc

252 2892 389 2952 quod
414 2893 669 2951 ignoratur
693 2893 741 2937 in
767 2897 954 2954 quanto
980 2894 1158 2940 domus
1181 2895 1503 2941 indebitatur.
1774 2946 1780 2952 ,

381 2956 572 3013 Quibus
597 2957 892 3002 examinatis
917 2960 966 3003 et
990 2959 1169 3004 iterato
1194 2959 1385 3004 eisdem
1410 2958 1506 3014 die,
1531 2973 1664 3005 anno
1689 2961 1738 3003 et
1761 2958 1874 3006 loco
1899 2971 2068 3003 coram
2106 2956 2313 3002 domino

254 3019 557 3074 conuocatis,
585 3018 818 3065 dominus
842 3021 1116 3079 publicauit
1141 3021 1342 3067 detecta
1366 3025 1415 3068 et
1439 3025 1697 3082 comperta
1735 3022 1785 3066 in
1823 3020 2110 3066 huiusmodi
2146 3019 2310 3064 visita-

253 3082 430 3138 cione;
475 3085 524 3127 et
564 3082 749 3128 deinde
791 3085 982 3129 monuit
1023 3085 1241 3143 priorem
1282 3086 1374 3131 sub
1410 3100 1541 3144 pena
1577 3084 1918 3143 suspensionis
1955 3084 2091 3145 quod
2127 3083 2176 3127 in
2212 3081 2311 3128 fine

355 3192 366 3216 ¹
395 3194 461 3231 Sic
477 3208 486 3231 ε
515 3194 689 3231 nescitur
707 3208 795 3244 may
813 3196 913 3233 have
932 3196 1034 3234 been
1054 3197 1256 3234 intended.

352 3244 369 3266 ²
394 3245 491 3282 This
511 3246 589 3283 and
609 3246 674 3283 the
695 3252 772 3284 two
791 3247 994 3297 following
1013 3248 1156 3286 entries
1175 3250 1393 3298 are—nearly
1411 3249 1562 3286 rubbed
1583 3255 1664 3295 out,
1686 3249 1755 3286 but
1773 3261 1846 3287 can
1863 3247 1942 3297 just
1962 3248 2011 3285 be
2030 3247 2134 3285 read.

358 3334 370 3356 ²
399 3335 457 3373 Of
471 3336 537 3373 the
559 3337 746 3375 churches
764 3337 803 3374 in
825 3338 1126 3376 Leicestershire
1145 3340 1260 3388 given
1281 3346 1322 3377 to
1355 3341 1421 3377 the
1450 3341 1580 3389 priory
1613 3340 1663 3388 by
1700 3339 1871 3377 Richard
1903 3340 2037 3376 Basset
2069 3337 2147 3374 and
2182 3336 2305 3373 Maud

257 3385 375 3423 Ridel
393 3386 453 3423 his
472 3387 573 3431 wife,
595 3388 659 3425 the
680 3388 874 3434 founders,
890 3390 1000 3427 those
1017 3391 1061 3426 of
1077 3391 1331 3440 Loddington
1354 3392 1434 3438 (the
1453 3391 1582 3440 parish
1602 3391 1642 3428 in
1663 3390 1789 3428 which
1809 3391 1875 3427 the
1896 3390 2025 3439 priory
2040 3389 2133 3437 lay),
2151 3387 2304 3436 Frisby,

252 3437 449 3483 Welham,
489 3439 628 3487 Ashby
664 3440 694 3475 F
697 3440 843 3485 olville,
884 3440 962 3477 and
1001 3441 1245 3490 Abkettleby
1286 3455 1383 3479 were
1420 3442 1697 3492 appropriated
1738 3448 1779 3479 to
1816 3442 1882 3478 the
1919 3446 2104 3485 convent,
2143 3451 2185 3476 as
2223 3438 2311 3475 well

251 3500 293 3524 as
312 3488 462 3534 Tilton,
485 3490 613 3527 which
635 3502 745 3528 came
763 3491 846 3528 into
866 3491 915 3529 its
935 3492 1154 3541 possession
1176 3493 1226 3541 by
1244 3493 1316 3541 gift
1347 3494 1391 3530 of
1417 3494 1582 3530 another
1616 3493 1839 3530 benefactor
1871 3493 1967 3529 later
1995 3491 2035 3527 in
2062 3491 2129 3527 the
2157 3489 2308 3527 twelsth

248 3545 422 3587 century.
482 3541 529 3577 In
553 3541 952 3590 Northamptonshire
974 3543 1040 3580 the
1058 3544 1248 3582 churches
1270 3546 1314 3581 of
1329 3545 1466 3592 Ashby
1487 3546 1545 3581 St.
1566 3545 1753 3593 Ledgers,
1774 3542 2213 3590 Weston-by-Welland
2231 3540 2308 3577 and

249 3601 272 3625 a
301 3591 470 3639 mediety
499 3592 542 3629 of
572 3593 741 3630 Weldon
762 3606 863 3630 were
882 3594 1160 3643 appropriated
1180 3601 1220 3632 to
1239 3595 1266 3632 it
1285 3609 1295 3640 ;
1324 3595 1363 3632 in
1399 3596 1647 3643 Derbyshire,
1668 3595 1915 3642 Hathersage
1931 3607 1941 3639 3
1971 3593 2010 3630 in
2031 3592 2310 3641 Nottingham-

248 3640 366 3686 shire,
388 3641 553 3680 Colston
575 3645 735 3689 Basset;
762 3644 841 3681 and
873 3645 913 3681 in
946 3644 1236 3692 Staffordshire,
1263 3647 1527 3695 Pattingham.
1584 3646 1796 3695 Vicarages
1830 3658 1930 3683 were
1964 3644 2152 3681 ordained
2186 3643 2226 3679 in
2258 3641 2312 3679 all

250 3691 370 3736 these,
391 3701 529 3743 except
552 3695 820 3744 Loddington,
844 3695 971 3733 which
992 3709 1070 3734 was
1089 3698 1227 3735 served
1247 3698 1297 3745 by
1316 3710 1338 3734 a
1359 3705 1505 3735 curate.
1561 3698 1647 3734 The
1662 3696 1959 3746 appropriation
1975 3695 2018 3732 of
2035 3694 2308 3742 Loddington‚

250 3742 399 3788 Tilton,
418 3745 569 3793 Frisby,
595 3746 771 3791 Weston‚
797 3747 980 3784 Welham
999 3748 1078 3785 and
1099 3748 1236 3796 Ashby
1257 3749 1314 3786 St.
1335 3748 1508 3797 Ledgers
1522 3754 1563 3786 to
1583 3749 1648 3786 the
1669 3748 1773 3797 prior
1790 3748 1869 3784 and
1889 3751 2074 3791 convent,
2093 3743 2309 3783 confirmed

247 3793 298 3841 by
329 3794 461 3832 letters
493 3802 627 3844 patent
660 3797 704 3833 of
732 3797 873 3846 bishop
905 3798 1147 3845 Gravesend,
1184 3810 1233 3846 29
1263 3800 1385 3845 Nov.‚
1415 3801 1523 3845 1260,
1547 3813 1625 3837 was
1645 3798 1798 3836 ratified
1832 3798 1882 3846 by
1912 3797 2053 3846 bishop
2087 3796 2302 3843 Dalderby‚
