2488 4296
237 394 355 452 205
711 376 1197 434 ALNWICK’S
1281 376 1845 436 VISITATIONS

233 537 500 595 preposite
527 537 610 606 qui
636 550 766 580 nunc
790 536 910 580 estis
933 534 1218 580 huiusmodi
1242 536 1418 581 salaria
1442 537 1546 581 siue
1569 536 1821 595 stipendia
1842 550 1872 581 a
1895 535 2043 581 dictis
2065 536 2275 591 vicariis,

234 614 535 660 quamquam
568 599 662 657 ipsi
699 598 863 643 officia
898 613 986 643 sua
1019 600 1317 656 peregerint,
1343 599 1408 644 de
1431 599 1671 644 terminis¹
1693 599 2099 644 annunciacionis
2133 599 2279 645 beate

236 663 394 708 Marie
419 668 468 708 et
491 663 649 707 sancti
676 661 952 715 Michaelis
977 676 1109 706 anno
1135 661 1337 706 Domini
1362 663 1599 717 mccccxl
1625 663 1914 708 subtrahitis
1950 665 2000 708 et
2027 662 2276 719 detinetis,

233 730 446 786 excepto
471 725 607 786 quod
631 740 803 770 eorum
827 725 1067 771 cuilibet
1056 725 1123 784 iiij
1150 741 1183 768 s.
1209 728 1402 770 tantum
1426 727 1657 782 soluistis,
1681 727 1825 772 vobis
1848 726 1997 784 igitur
2020 727 2278 784 preposito

234 790 317 850 qui
342 804 473 834 nunc
497 789 629 844 estis,
657 791 706 834 et
730 788 934 834 cuilibet
958 788 1100 833 vobis
1124 790 1173 833 in
1199 788 1378 834 eodem
1402 789 1568 835 officio
1602 791 1652 834 in
1686 789 1905 835 futurum
1942 789 2276 848 subrogando,

234 853 326 898 sub
351 868 481 912 pena
505 852 1042 898 excommunicacionis
1065 852 1317 898 antedicte
1351 852 1556 898 firmiter
1589 853 1890 912 iniungimus
1914 855 1962 898 et
1986 852 2278 898 mandamus

235 920 287 961 vt
309 917 349 961 si
371 917 438 961 ila
462 918 533 971 sit,
559 931 671 961 cum
696 930 752 961 os
777 916 919 961 bouis
942 915 1216 960 triturantis
1239 931 1268 960 a
1292 916 1488 975 presepi
1512 916 1653 975 ligari
1678 930 1777 962 non
1802 916 2018 972 debeat,2
2039 916 2278 975 predictis

232 981 429 1026 vicariis
444 979 662 1025 officium
678 994 819 1024 suum
835 978 1118 1024 huiusmodi
1135 979 1450 1038 explentibus
1468 980 1695 1038 predicta
1711 979 1888 1025 salaria
1905 980 2010 1025 siue
2027 979 2278 1038 stipendia

236 1059 324 1089 sua
348 1044 397 1088 in
421 1043 645 1089 terminis
678 1043 743 1088 ad
779 1042 877 1088 hoc
912 1042 1108 1087 statutis
1142 1043 1335 1101 integre
1371 1045 1422 1089 et
1456 1043 1645 1105 absque
1681 1042 2018 1089 diminucione
2054 1045 2107 1088 et-
2138 1058 2278 1089 mora

233 1107 455 1168 qualibet
477 1106 671 1152 soluere
705 1106 961 1151 studeatis.

363 1170 508 1216 Item³
529 1184 644 1215 cum
667 1170 717 1214 in
741 1170 938 1215 statutis
962 1169 1096 1215 dicte
1120 1169 1332 1215 ecclesie
1354 1170 1525 1216 iuratis
1548 1171 1861 1216 contineatur
1882 1184 2118 1229 expresse
2139 1169 2277 1230 quod

230 1235 514 1293 prepositus
539 1233 750 1279 ecclesie
773 1233 904 1278 illius
927 1248 1019 1292 pro
1042 1236 1270 1292 tempore
1294 1234 1512 1279 existens
1534 1237 1762 1294 tempore
1785 1233 2103 1279 admissionis
2125 1232 2276 1278 officii

232 1298 305 1343 sui
330 1297 615 1343 huiusmodi
639 1297 800 1343 iurare
824 1299 1052 1342 teneatur
1075 1296 1212 1358 quod
1236 1298 1343 1356 ipse
1366 1300 1416 1342 in
1440 1297 1607 1344 officio
1630 1312 1720 1343 suo
1745 1297 2029 1342 huiusmodi
2062 1295 2276 1342 fideliter

233 1361 532 1406 ministrabit
566 1364 615 1406 et
639 1360 958 1420 diligenciam
995 1360 1218 1406 debitam
1254 1361 1348 1406 sibi
1386 1361 1676 1420 possibilem
1713 1361 1777 1407 de
1813 1361 1942 1407 bene
1978 1363 2028 1406 et
2062 1359 2276 1406 fideliter

230 1425 627 1470 administrando
666 1426 716 1469 in
758 1425 902 1470 bonis
941 1424 1279 1483 spiritualibus
1318 1427 1367 1470 et
1405 1425 1764 1484 temporalibus
1801 1425 2178 1486 quibuscunque
2211 1423 2276 1469 ad

230 1489 389 1547 ipsam
414 1488 676 1534 ecclesiam
702 1488 1044 1547 spectantibus
1068 1491 1117 1533 et
1139 1488 1247 1533 aliis
1271 1487 1496 1534 eiusdem
1519 1489 1732 1535 ecclesie
1767 1487 1962 1534 solicite
1997 1487 2275 1543 adhibebit,

230 1552 576 1598 oblacionibus
600 1552 649 1596 in
673 1552 782 1610 ipsa
805 1551 1018 1597 ecclesia
1040 1550 1186 1597 factis
1210 1551 1468 1598 dumtaxat
1491 1553 1727 1612 exceptis
1754 1552 1999 1613 nobisque
2022 1551 2276 1597 detectum

229 1616 409 1661 existat
432 1615 568 1677 quod
590 1630 693 1668 vos,
720 1630 851 1661 nunc
875 1615 1143 1674 preposite,
1169 1616 1219 1660 in
1245 1615 1390 1661 bonis
1413 1615 1548 1662 dicte
1585 1615 1795 1662 ecclesie
1832 1617 1955 1661 citra
1993 1614 2275 1661 edicionem

230 1682 525 1724 statutorum
551 1679 835 1724 huiusmodi
859 1679 1066 1734 collatis,
1087 1694 1176 1738 que
1200 1693 1294 1724 non
1317 1683 1424 1725 sunt
1447 1689 1639 1739 magna,
1658 1679 2006 1725 administrare
2023 1678 2179 1724 dicitis
2200 1693 2277 1724 vos

232 1758 326 1788 non
363 1742 526 1788 teneri*
559 1757 653 1788 nec
689 1743 792 1787 zdeo
828 1742 1176 1788 administrare
1213 1745 1396 1788 curatis
1431 1743 1494 1787 in
1518 1743 1688 1788 eisdem
1726 1743 1776 1788 in
1813 1743 1948 1788 dicte
1981 1742 2194 1788 ecclesie
2227 1743 2277 1787 et

232 1807 570 1852 ministrorum
594 1806 818 1852 eiusdem
842 1806 1129 1866 dampnum,
1154 1807 1485 1865 preiudicium
1509 1821 1610 1852 non
1635 1806 1889 1852 modicum
1912 1808 1963 1852 et
1991 1819 2274 1868 grauamen,

231 1884 322 1915 nos
346 1871 507 1929 igitur,
532 1870 852 1916 aduertentes
875 1870 1012 1931 quod
1048 1869 1324 1915 secundum
1363 1871 1577 1916 mentem⁵
1599 1871 1865 1916 verborum
1902 1865 2071 1915 statuti
2111 1869 2275 1914 huius-

230 1934 402 1989 modi‚⁶
423 1934 561 1995 quod
584 1933 873 1979 indistincte
896 1934 1127 1995 loquitur,
1153 1949 1247 1979 nec
1269 1933 1437 1980 solum⁷
1459 1934 1524 1980 ad
1548 1935 1785 1993 pieterita
1808 1948 1862 1979 se
1885 1933 2107 1979 referens
2141 1933 2277 1977 saculi

231 2012 312 2042 nec
334 1997 417 2042 ad⁸
440 1998 708 2059 sequencia
729 2000 814 2043 aut
836 1997 1035 2051 futura,9
1055 1997 1121 2043 ad
1145 1993 1595 2043 administrandum
1618 1997 1833 2044 fideliter
1869 1998 1919 2042 in
1956 1997 2102 2042 bonis
2142 1995 2276 2042 dicte

230 2061 441 2107 ecclesie
459 2062 837 2132 quibuscunque
856 2076 917 2106 ex
931 2062 978 2106 vi
997 2064 1047 2107 et
1065 2062 1235 2120 vigore
1253 2061 1519 2107 verborum
1537 2062 1708 2107 statuti
1723 2060 2007 2106 huiusmodi
2023 2060 2274 2116 tenemini,

230 2125 372 2170 vobis
389 2125 619 2185 preposito
635 2125 846 2184 predzcto
865 2128 914 2173 et
932 2125 1137 2170 cuilibet
1154 2125 1331 2171 vobis
1319 2141 1370 2170 111
1394 2125 1575 2171 eodem
1598 2125 1799 2171 officio
1787 2141 1838 2170 111
1862 2124 2081 2170 futurum
2103 2123 2274 2169 subro-

229 2188 410 2247 gando,
436 2192 603 2248 preter
626 2204 722 2248 pen
728 2204 807 2234 am
831 2189 1033 2248 periurii
1056 2204 1085 2234 a
1109 2188 1246 2234 dicto
1269 2191 1454 2235 statuto
1488 2189 1610 2234 illud
1647 2203 1747 2234 non
1783 2189 2000 2234 seruanti
2036 2186 2274 2233 inflictam

230 2252 322 2297 sub
346 2267 476 2312 pena
500 2253 1039 2298 excommunicacionis
1062 2253 1362 2311 supradicte,
1387 2253 1690 2312 iniungimus
1726 2254 1776 2298 et
1811 2251 2106 2297 mandamus
2138 2254 2190 2295 vt
2223 2251 2274 2295 in

230 2317 608 2378 quibuscunque
652 2317 798 2362 bonis
837 2316 970 2361 dicte
1010 2316 1222 2362 ecclesie
1261 2319 1376 2361 ante
1415 2319 1466 2362 et
1504 2319 1619 2375 post
1657 2316 1941 2362 edicionem
1980 2316 2275 2360 statutorum

231 2378 500 2426 huiusmodi
516 2380 710 2426 collatis
728 2382 778 2426 et
797 2379 1130 2436 conferendis,
1151 2395 1210 2425 ea
1229 2379 1442 2426 fideliter
1461 2379 1723 2439 exigendo,
1742 2378 1972 2434 leuando,
1990 2377 2275 2437 colligendo

228 2446 278 2489 et
301 2443 592 2503 recipiendo
620 2447 669 2489 et
692 2459 752 2490 ea
774 2445 824 2489 in
849 2444 1048 2489 debitos
1071 2442 1224 2489 vsus¹⁰
1246 2443 1564 2503 disponendo
1582 2446 1633 2490 et
1656 2443 1720 2489 de
1744 2444 1817 2489 eis
1838 2442 2053 2489 fideliter
2071 2456 2273 2501 compu-

227 2507 382 2553 tando
427 2508 692 2566 diligenter
735 2508 1094 2553 administretis
1139 2510 1188 2553 et
1231 2507 1580 2553 administrare
1615 2508 1814 2564 curetis,
1851 2506 2079 2566 predicta
2111 2507 2276 2552 vestra

227 2573 510 2618 assercione
533 2587 680 2631 quam
704 2571 934 2617 friuolam
959 2574 1244 2630 reputamus
1268 2586 1368 2617 non
1393 2572 1639 2617 obstante.

358 2635 483 2680 Item
506 2650 620 2680 cum
644 2635 709 2680 ad
733 2634 950 2681 officium
974 2635 1124 2681 vestri
1148 2636 1354 2680 sacriste
1379 2649 1440 2680 ex
1463 2635 1634 2694 vigore
1658 2636 1952 2680 statutorum
1988 2631 2273 2678 huiusmodi

227 2699 474 2757 pertineat
498 2703 547 2744 et
570 2699 826 2744 incumbat
850 2714 1044 2758 panem,
1069 2699 1238 2744 vinum
1263 2702 1313 2744 et
1335 2714 1514 2758 aquam
1538 2713 1630 2758 pro
1669 2700 1983 2744 sacramento
2021 2696 2190 2742 altaris
2223 2697 2274 2740 in

226 2762 451 2822 quolibet
495 2763 636 2808 altari
682 2762 907 2808 eiusdem
953 2763 1163 2808 ecclesie
1209 2765 1258 2808 et
1299 2763 1457 2808 eciam
1503 2762 1695 2821 capella
1738 2760 2007 2806 infirmarie
2051 2759 2275 2820 quotidie

227 2826 479 2882 exhibere,
500 2826 758 2888 nobisque,
785 2826 919 2886 quod
944 2826 1198 2872 horrendo
1223 2826 1448 2881 dicimus,
1470 2825 1723 2872 detectum
1747 2825 1927 2871 existat
1948 2824 2083 2884 quod
2106 2824 2274 2869 vinum

227 2889 291 2934 ad
330 2891 656 2936 ministerium
694 2890 978 2935 huiusmodi
1015 2890 1348 2935 ministratum
1384 2890 1513 2935 adeo
1549 2888 1821 2948 insipidum
1858 2890 1934 2934 est
1955 2891 1997 2933 et
2030 2888 2271 2943 insanum,

226 2953 363 3014 quod
388 2954 508 2998 illud
533 2957 784 2999 sumentes
802 2953 1093 3013 aliquociens
1116 2956 1415 3012 prouocaret
1438 2953 1503 2998 ad
1527 2951 1804 2998 11311301111111
1829 2955 1879 2997 et
1901 2952 2156 3006 vomitum,
2181 2964 2274 2996 nos

228 3018 389 3075 igitur,
406 3017 723 3063 attendentes
741 3018 877 3078 quod
896 3032 958 3063 ex
976 3017 1178 3076 optimis
1192 3016 1364 3062 iuxta1²
1380 3017 1561 3062 veteris
1580 3020 1629 3062 et
1648 3030 1777 3062 noue
1793 3016 1918 3075 legis
1934 3015 2274 3061 testimonium

228 3079 543 3126 offerendum
568 3084 643 3127 est
667 3080 977 3135 sacrificium,
1003 3081 1146 3126 vobis
1170 3096 1301 3126 nunc
1324 3082 1529 3126 saeiiste
1553 3083 1602 3126 et
1620 3079 1823 3126 cuilibet
1840 3079 2035 3124 vestro
2024 3093 2074 3123 111
2093 3077 2273 3124 eodem

159 3164 179 3186 ο
229 3143 445 3231 officio
432 3146 707 3190 successori
732 3145 823 3190 sub
847 3159 977 3203 pena
1012 3145 1551 3190 excommunicacionis
1585 3143 1839 3189 antedicte
1874 3142 2080 3188 firmiter
2115 3141 2272 3186 iniun-

331 3257 342 3280 ¹
370 3257 498 3295 sancti
517 3256 729 3295 Michaelis
747 3258 963 3295 cancelled.

327 3308 344 3331 ²
370 3310 444 3348 See
468 3311 583 3348 Dent
608 3317 710 3354 xxv,
726 3320 764 3356 4.

330 3360 347 3384 ³
370 3368 397 3410 p
416 3361 630 3399 cancelled.

328 3411 343 3434 ⁴
371 3412 587 3451 Interlined
607 3412 732 3449 above
752 3424 830 3448 non
850 3418 974 3448 lcnere
992 3411 1192 3449 cancelled

328 3462 343 3485 ⁵
370 3463 557 3501 virtutem
578 3463 786 3501 interlined
805 3463 882 3500 and
902 3463 1129 3501 cancelled.
1121 3475 1130 3483 ·
1160 3468 1325 3500 mentem
1345 3462 1594 3500 substituted.

327 3514 471 3564 flquod
494 3515 541 3565 (q’
545 3517 589 3562 d)
611 3514 824 3553 cancelled.

327 3565 342 3589 ⁷
368 3566 470 3604 sicut
488 3567 697 3604 interlined
716 3566 794 3603 and
813 3565 1040 3604 cancelled·
1068 3567 1192 3603 solum
1213 3564 1462 3603 substituted.

328 3618 343 3638 ⁸
373 3619 588 3656 Interlined
606 3618 731 3655 above
750 3620 812 3655 vel
828 3617 1045 3655 cancelled.

326 3668 341 3690 ⁹
368 3671 405 3707 A
424 3675 515 3708 note
535 3669 721 3718 referring
741 3677 781 3707 to
802 3669 866 3706 the
886 3668 1036 3717 margin
1055 3667 1263 3706 interlined
1281 3667 1360 3705 and
1379 3665 1591 3705 cancelled.

312 3720 343 3794 1‘:
367 3721 505 3758 admin
524 3721 731 3759 interlined
751 3719 829 3758 and
849 3720 1063 3757 cancelled.

316 3773 326 3794 ¹
373 3772 453 3810 Sic.

311 3822 342 3845 ¹²
368 3823 455 3861 veri
473 3823 687 3862 cancelled.

2486 1043 2488 1046 .
2484 1012 2488 1017 1
2477 901 2488 991 „adm-2
2463 706 2488 880 „fluidus”
2475 686 2477 691 ·
2461 638 2475 671 '⁴²
