2476 4412
277 491 350 529 12
764 463 1252 524 ALNWICK'S
1336 461 1855 520 VISITATION

277 627 607 689 inquisicione
630 639 718 671 sua
740 623 877 685 quod
901 623 1135 681 magister
1162 622 1335 667 Petrus
1361 618 1645 680 Partryche,
1671 633 1830 678 nuper
1853 618 2077 665 officialis
2100 619 2320 666 Lincoln-

277 691 415 736 iensis
439 689 559 735 sede
585 691 807 743 vacante,
835 687 951 732 dum
976 686 1198 731 visitaret
1222 685 1411 730 dictum
1445 683 1803 728 monasterium
1837 685 1887 728 et
1921 687 2236 742 compereret
2269 683 2320 729 in

279 752 564 799 huiusmodi
599 751 890 796 visitacione
926 749 1063 810 quod
1098 748 1276 793 fratres
1312 747 1565 808 Johannes
1604 746 1750 802 Rose,
1787 745 2040 806 Iohannes
2080 746 2320 803 Howton,

278 816 529 878 Johannes
568 814 780 860 Sallowe
820 816 869 859 et
915 811 1196 858 Willelmus
1243 811 1521 870 Bekeryng,
1568 808 1803 854 monachi
1849 809 1970 855 dicti
2015 810 2319 870 monasterij,

278 881 521 926 steterunt
556 878 607 923 in
643 877 780 923 dicto
817 876 1119 922 monasterio
1157 888 1391 933 expresse
1427 872 1641 932 professi
1675 887 1765 932 per
1798 872 2113 932 septennium
2148 876 2198 919 et
2220 888 2322 919 non

279 943 399 989 dum
436 940 764 987 reddiderunt
800 938 1075 985 secundum
1112 938 1354 993 ordinem,
1393 937 1530 996 ipsos
1565 936 1629 981 ab
1667 937 1803 981 omni
1839 938 1954 981 actu
1989 936 2249 996 capitulari
2272 939 2323 982 et

277 1021 403 1052 voce
442 1006 492 1050 in
529 1003 748 1063 capitulo
784 1017 940 1064 vsque
977 1002 1096 1047 dum
1133 1000 1462 1047 reddiderunt
1499 999 1854 1059 suspendisset,
1892 1000 2125 1045 dominus
2151 1001 2203 1045 in
2226 999 2322 1046 hac

278 1085 367 1115 sua
401 1068 707 1123 visitacione,
746 1067 861 1127 quia
896 1066 1086 1111 inuenit
1121 1064 1325 1110 fratrem
1359 1063 1639 1124 Johannem
1675 1063 1807 1109 Rose
1830 1062 2132 1108 sufficienter
2155 1063 2320 1109 reddi-

279 1133 424 1188 disse,
462 1132 625 1191 ipsum
661 1129 883 1175 reddidit
918 1129 1126 1188 pristine
1161 1128 1378 1173 libertati
1415 1141 1502 1172 sue
1537 1130 1586 1172 et
1618 1126 1685 1171 ad
1718 1140 1894 1173 omnes
1917 1125 2235 1185 capitularesl
2257 1126 2323 1172 ad

276 1210 427 1242 voces
466 1197 515 1240 et
553 1195 669 1240 vota
707 1193 759 1238 in
798 1192 1016 1252 capitulo
1061 1192 1286 1238 restituit.
1363 1191 1430 1235 Et
1463 1189 1630 1251 quoad
1669 1192 1864 1236 ceteros
1901 1192 2003 1235 tres
2040 1190 2197 1236 voluit
2235 1204 2323 1236 eos

277 1273 535 1304 remanere
559 1258 685 1302 sicut
708 1271 795 1302 eos
819 1256 1009 1302 inuenit
1031 1273 1039 1312 3
1074 1258 1123 1300 et
1146 1255 1262 1316 quia
1285 1253 1350 1300 ad
1374 1253 1691 1300 reddendum
1715 1269 1767 1300 se
1791 1253 2133 1312 necgligentes
2156 1253 2321 1299 reddi-

278 1323 472 1377 derunt,
496 1320 652 1366 voluit
684 1323 732 1365 et
769 1319 1019 1365 ordinauit
1054 1322 1106 1364 vt
1143 1319 1270 1364 vltra
1305 1332 1488 1376 penam
1525 1317 1804 1376 predictam
1842 1319 1940 1363 sint
1978 1317 2201 1364 contenti
2223 1331 2323 1363 vno

277 1399 461 1445 genere
494 1384 706 1444 piscium
740 1385 790 1429 et
822 1397 921 1428 vno
955 1395 1138 1441 genere
1173 1382 1395 1427 carnium
1418 1381 1470 1426 in
1493 1381 1699 1440 singulis
1723 1381 1870 1427 dietis
1893 1396 2152 1443 quousque
2174 1380 2323 1440 plene

278 1447 604 1495 reddiderint.
697 1445 962 1492 Ordinauit
996 1446 1199 1509 insuper
1243 1444 1380 1506 quod
1426 1444 1588 1490 nullus
1631 1445 1992 1491 monachorum
2039 1445 2324 1504 egrediatur

279 1512 634 1557 monasterium
658 1511 765 1556 sine
787 1509 999 1555 licencia
1022 1524 1085 1555 ex
1107 1523 1257 1555 causa
1279 1507 1572 1554 racionabili
1607 1511 1657 1553 et
1689 1509 1912 1567 legitima
1934 1509 2071 1567 prius
2093 1509 2251 1568 petita
2273 1509 2324 1554 et

278 1575 499 1631 obtenta,
538 1589 631 1620 nec
666 1574 765 1620 vllo
805 1574 958 1619 modo
995 1573 1136 1618 bibat
1171 1575 1255 1618 aut
1294 1571 1527 1618 comedat
1563 1572 1614 1617 in
1649 1572 1766 1618 villa
1803 1572 1867 1617 de
1905 1571 2202 1632 Bardeney,²
2239 1573 2325 1617 aut
2397 1587 2400 1590 “
2466 1538 2476 1567 j

281 1639 539 1684 mulierem
562 1638 778 1700 aliquam
796 1640 1253 1698 quantumcumque
1277 1636 1539 1682 honestam
1558 1636 1610 1680 in
1632 1636 1744 1682 loca
1761 1635 2043 1682 claustralia
2059 1634 2326 1681 inducatis⁸

280 1705 364 1748 aut
386 1702 452 1748 ab
476 1701 643 1763 aliquo
667 1701 924 1746 inductam
947 1700 1013 1746 ad
1046 1700 1434 1746 familiaritatem
1467 1699 1685 1761 aliquam
1709 1699 1954 1755 admittat,
1980 1699 2205 1759 exceptis
2228 1698 2325 1743 hiis

283 1765 347 1812 de
370 1765 550 1827 quibus
574 1766 680 1810 iura
704 1764 858 1810 nichil
881 1764 997 1810 mali
1030 1778 1179 1823 posse
1213 1764 1453 1823 suspicari
1487 1766 1791 1822 presumunt.
1854 1763 1953 1808 ··-Et
1985 1765 2226 1825 quantum
2259 1761 2325 1807 ad

282 1829 505 1889 regimen
529 1828 725 1874 abbatis
749 1830 798 1873 et
821 1830 1098 1874 conuentus
1121 1829 1171 1873 in
1196 1827 1462 1873 esculentis
1491 1829 1540 1872 et
1572 1827 1866 1887 poculentis,
1893 1826 2127 1873 dominus
2158 1826 2327 1886 posuit

281 1893 549 1952 opcionem
566 1907 630 1938 an
647 1891 832 1938 vellent
850 1891 995 1937 simul
1011 1892 1062 1936 in
1079 1906 1177 1937 vna
1195 1891 1348 1937 domo
1367 1891 1647 1950 sumptibus
1671 1891 2018 1937 communibus
2036 1889 2323 1949 monasterij

282 1955 601 2002 commedere
625 1958 675 2001 et
697 1970 886 2015 ponere
909 1955 1183 2001 seruientes
1206 1969 1321 2001 suos
1343 1955 1410 2000 ad
1433 1969 1749 2000 communem
1773 1969 1997 2000 mensam
2021 1953 2325 2013 monasterij,

282 2019 500 2065 dimissis
522 2019 744 2065 liberatis
768 2033 890 2080 quas
913 2019 1209 2078 percipiunt,
1234 2018 1314 2064 vel
1346 2021 1399 2063 vt
1431 2019 1768 2080 vnusquisque
1803 2018 2078 2065 monachus
2111 2019 2327 2077 ponatur

281 2082 348 2128 ad
390 2098 543 2128 vnum
588 2085 779 2128 certum
822 2082 944 2144 quid
989 2084 1039 2127 et
1083 2083 1155 2128 sic
1191 2082 1361 2128 viuere
1394 2082 1445 2127 in
1479 2083 1746 2139 communi,
1782 2083 1962 2127 amotis
1995 2081 2328 2128 seruientibus

281 2145 550 2203 inutilibus,
570 2146 805 2192 videlicet
828 2146 924 2191 hiis
947 2146 1031 2207 qui
1054 2146 1105 2190 in
1130 2146 1228 2191 hoc
1251 2160 1370 2191 casu
1393 2159 1492 2191 non
1518 2149 1684 2192 essent
1708 2147 1987 2192 necessarii.
2045 2146 2204 2204 Super
2228 2144 2327 2189 hoc

282 2210 468 2255 etenim
490 2209 647 2255 abbas
670 2210 824 2269 peciit
848 2209 1285 2265 deliberacionem,
1311 2224 1460 2270 quam
1495 2210 1728 2256 dominus
1762 2210 2012 2255 concessit
2033 2223 2189 2270 vsque
2211 2209 2328 2268 post

281 2272 562 2332 prandium,
587 2276 640 2318 vt
662 2273 861 2319 interim
886 2273 1131 2319 deliberet
1163 2288 1278 2319 cum
1302 2272 1637 2319 confratribus
1661 2274 1760 2319 suis
1786 2291 1794 2330 ;
1831 2276 1881 2319 et
1915 2272 2101 2319 deinde
2134 2286 2326 2318 access-

281 2338 426 2382 erunt
449 2350 623 2382 omnes
647 2336 713 2382 ad
736 2336 1072 2382 refeccionem
1107 2336 1455 2383 meridianam.
1546 2337 1665 2383 Post
1688 2351 1837 2398 quam
1861 2337 1997 2382 idern
2020 2334 2329 2382 reuerendus

281 2402 423 2459 pater
446 2414 675 2446 reuersus
699 2402 774 2445 est
795 2400 861 2446 ad
884 2400 1071 2446 dictam
1096 2401 1302 2446 domum
1325 2401 1663 2459 capitularem,
1689 2403 1740 2447 et
1772 2401 1895 2446 inibi
1929 2401 1979 2445 in
2005 2400 2140 2445 dicte
2162 2399 2326 2445 visita-

283 2463 441 2509 cionis
464 2478 551 2509 sue
574 2464 788 2523 negocio
821 2463 1119 2509 iudicialiter
1153 2464 1333 2510 sedens
1367 2479 1460 2523 pro
1493 2464 1728 2510 tribunali
1761 2465 1915 2524 peciit
1947 2465 2012 2509 ab
2045 2463 2230 2509 abbate
2264 2477 2328 2508 an

281 2526 448 2572 adhuc
472 2529 604 2572 esset
628 2526 948 2572 deliberatus⁴1
971 2542 1120 2586 super
1145 2528 1359 2587 opcione
1384 2529 1630 2575 dictarum
1655 2527 1865 2574 duarum
1888 2529 2094 2574 viarum.
2157 2526 2252 2585 Qui
2278 2528 2328 2571 et

281 2604 456 2636 omnes
478 2590 714 2636 monachi
738 2590 860 2636 dicti
883 2592 1171 2651 monasterij
1199 2595 1309 2636 tunc
1326 2592 1516 2638 ibidem
1539 2595 1810 2652 presentes,
1830 2591 2080 2637 infirmato
2098 2591 2326 2649 excepto,

283 2653 514 2700 dixerunt
547 2653 685 2715 quod
718 2655 759 2699 si
793 2654 1014 2713 placeret
1048 2655 1388 2701 dominacioni
1423 2670 1510 2701 sue
1544 2655 1773 2714 eligerint
1806 2656 1981 2716 pocius
2005 2658 2135 2701 stare
2157 2655 2208 2699 in
2231 2667 2329 2699 vna

284 2717 437 2763 domo
467 2720 518 2763 et
547 2732 645 2763 vna
677 2732 850 2763 mensa
884 2718 1029 2764 simul
1059 2719 1409 2765 communibus
1449 2720 1682 2779 expensis
1721 2719 2008 2779 monasterij
2052 2721 2102 2764 et
2139 2731 2330 2778 ponere

288 2779 382 2841 [fo.
429 2781 558 2839 32d.]
608 2781 882 2828 seruientes
927 2797 1042 2828 suos
1085 2782 1152 2828 ad
1202 2796 1468 2829 comunem
1512 2797 1736 2829 mensam
1782 2783 2086 2842 monasterij,
2133 2780 2330 2827 omissis

282 2844 503 2890 liberatis
542 2845 642 2890 suis
681 2860 804 2906 quas
842 2846 1126 2905 percipiunt
1165 2845 1229 2892 de
1269 2848 1573 2893 monasterio
1598 2864 1607 2903 ;
1650 2848 1728 2892 cui
1761 2848 1841 2893 vie
1875 2846 2108 2893 dominus
2141 2844 2327 2900 annuit,

284 2907 457 2953 dicens
481 2922 534 2954 se
557 2907 685 2954 velle
706 2912 953 2968 temptare
977 2923 1063 2955 eos
1087 2910 1298 2971 qualiter
1322 2925 1376 2956 se
1399 2910 1644 2956 haberent
1667 2911 1717 2956 in
1741 2911 1838 2957 hac
1859 2911 1940 2956 via
1983 2945 1992 2955 .
2033 2945 2042 2954 .
2091 2946 2101 2955 .
2151 2943 2161 2954 .
2209 2908 2329 2954 dum

284 2971 378 3016 sibi
422 2971 518 3030 ipsi
561 2972 818 3030 placuerit.
918 2973 985 3018 Et
1029 2973 1215 3020 deinde
1271 2974 1491 3020 Bartone
1539 2975 1771 3034 purgauit
1815 2989 1869 3020 se
1923 2988 2039 3019 cum
2093 2972 2329 3018 fratribus

284 3034 541 3080 Willelmo
580 3035 782 3095 Burghe
818 3039 868 3082 et
903 3036 1161 3083 Willelmo
1198 3037 1466 3098 Croyland.
1559 3038 1802 3084 Lincolne
1837 3040 1887 3083 et
1924 3036 2176 3098 Croyland
2215 3050 2326 3095 pur-

283 3101 526 3156 gauerunt
549 3113 603 3144 se
627 3102 677 3145 et
699 3100 906 3159 obligati
930 3103 1044 3146 sunt
1066 3101 1218 3162 quod,
1243 3101 1672 3163 qualitercumque
1696 3116 1749 3147 se
1772 3101 2038 3147 habuerint
2071 3100 2330 3161 hucusque

284 3161 335 3206 in
358 3163 708 3220 potacionibus
731 3164 976 3222 serotiniS,
1003 3164 1240 3211 decetero
1264 3179 1349 3210 eas
1372 3179 1474 3211 non
1499 3168 1779 3211 exerceant.
1874 3165 2047 3210 Frater
2085 3164 2331 3209 Ricardus

287 3224 532 3285 Parteney
549 3227 781 3286 purgauit
804 3242 858 3273 se
876 3242 989 3273 cum
1007 3228 1243 3274 fratribus
1261 3228 1519 3275 Willelmo
1536 3229 1676 3274 York
1699 3231 1750 3275 et
1767 3228 2024 3274 Willelmo
2046 3227 2329 3287 Langtofte.

284 3287 537 3347 Johannes
558 3289 691 3335 Hole
709 3292 940 3350 purgauit
957 3306 1010 3337 se
1029 3292 1094 3339 de
1116 3295 1327 3354 vtroque
1344 3292 1553 3339 articulo
1572 3307 1686 3339 cum
1707 3292 1989 3352 Langtofte,
2011 3291 2331 3353 Elkyngtone

286 3353 336 3396 et
357 3351 628 3422 ‘Parteney
699 3354 860 3415 Bracy
882 3357 1114 3414 purgauit
1147 3371 1200 3402 se
1224 3370 1338 3402 cum
1362 3357 1514 3414 York,
1541 3356 1826 3416 Croylande
1851 3359 1900 3402 et
1936 3356 2195 3416 Parteney,
2265 3355 2332 3401 Et

287 3413 472 3460 demde
496 3415 727 3462 dominus
751 3417 1023 3464 declarauit
1047 3434 1133 3466 eos
1155 3434 1247 3479 pro
1279 3420 1501 3480 legitime
1534 3421 1757 3480 purgatis
1780 3423 1831 3466 et
1853 3421 2067 3466 restituit
2088 3434 2176 3467 eos
2199 3420 2332 3467 bone

286 3475 420 3523 fame
464 3492 565 3524 sue.
658 3479 725 3525 Et
767 3481 941 3527 volens
985 3484 1112 3530 scire
1156 3486 1209 3529 vt
1251 3484 1463 3530 asseruit
1507 3485 1719 3546 qualiter
1762 3499 1816 3530 se
1862 3484 2107 3531 haberent
2145 3484 2197 3529 in
2235 3483 2333 3530 hiis

386 3646 400 3670 ¹
429 3648 490 3684 Sic
509 3662 523 3684 .·
549 3653 654 3686 actus
672 3655 709 3686 et
726 3651 904 3689 omitted.

384 3696 403 3772 ξ
428 3698 649 3787 ἓξὲἔεῆίτιεᾰ
668 3713 677 3736 :
705 3700 848 3739 Boston
867 3704 1081 3743 cancelled.

385 3799 400 3825 ⁴
427 3778 512 3839 Sic-z
542 3801 612 3838 but
630 3801 876 3841 deliberatum
895 3805 1028 3843 would
1049 3807 1096 3845 be
1119 3807 1239 3858 right.

385 3890 399 3915 ¹
427 3890 503 3931 See
523 3892 591 3932 the
612 3901 706 3933 note
725 3907 833 3946 upon
853 3898 1017 3947 infizmia
1038 3899 1079 3936 in
1112 3899 1332 3941 Visitations
1349 3911 1376 3949 1,
1396 3914 1486 3952 234.
