2488 4296
303 393 420 444 160
759 379 1249 444 ALNWICK’S
1332 385 1896 444 VISITATIONS

302 545 490 590 nullum
535 544 758 590 reddidit
802 546 1105 603 compotum.
1210 544 1414 590 Fatetur
1458 544 1809 603 recepcionem
1852 559 1919 589 xx
1963 559 2255 602 marcarum,
2300 546 2348 605 vj

303 623 580 654 marcarum
620 610 668 654 et
707 622 773 653 xx
813 622 1092 653 marcarum
1137 609 1186 652 et
1231 622 1381 666 super
1425 608 1640 666 receptis
1680 610 1729 653 et
1768 609 2002 667 expensis
2041 609 2352 667 computabit

301 674 592 731 compotum
617 671 836 716 domino.

435 734 589 795 [Item
635 735 758 780 dicit
802 733 964 795 quod]
1011 749 1073 780 ex
1118 736 1292 780 natura
1335 734 1653 780 fundacionis
1697 736 1747 780 et
1791 748 1852 780 ex
1897 734 2033 780 dono
2071 734 2351 781 fundatoris

300 799 499 844 fuerunt
523 799 573 843 in
608 798 822 856 collegio
858 798 903 857 vj
942 797 1156 843 almucie
1191 812 1284 856 pro
1322 798 1516 844 decano
1554 800 1604 843 et
1642 812 1672 843 v
1710 798 1967 843 canonicis
2006 813 2214 858 quarum
2253 813 2350 844 vna

302 863 545 907 alienatur
582 876 671 920 per
710 862 970 907 decanum.
1058 861 1261 906 Fatetur
1297 875 1350 907 se
1384 861 1624 907 liberasse
1659 860 1782 906 illud
1819 861 2023 906 domine
2055 860 2350 908 Elizabethe

302 925 699 984 Brauncepathe,
754 939 850 985 que
903 925 1114 984 prouisit
1162 925 1257 969 sibi
1294 924 1431 985 quod
1468 924 1816 970 reliberaretur
1858 923 2042 984 [sic]vt
2085 927 2351 984 acceperat

300 988 550 1047 capitulo:
588 988 721 1034 vnde
746 988 963 1033 monitus
987 990 1063 1033 est
1086 987 1178 1032 sub
1212 1002 1343 1047 pena
1379 988 1919 1033 excommunicacionis
1955 987 2093 1048 quod
2126 989 2352 1038 restituat

301 1053 351 1097 in
375 1052 504 1097 adeo
528 1051 676 1097 bona¹
704 1054 835 1096 statu
858 1052 982 1096 citra
1005 1052 1288 1110 proximum
1311 1051 1495 1096 festum
1522 1051 1800 1097 Michaelis.

431 1116 558 1160 Item
583 1115 705 1160 dicit
729 1115 863 1175 quod
889 1118 1117 1174 tempore
1141 1129 1241 1176 quo
1266 1114 1399 1160 dicta
1424 1115 1639 1160 rectoria
1662 1114 1868 1160 dimissa
1889 1116 1942 1160 vt
1964 1114 2214 1173 prefertur
2247 1117 2354 1161 erat
2410 1107 2414 1112 ⁴

300 1178 365 1224 ad
388 1178 581 1239 firmam
616 1178 931 1224 habebantur
966 1179 1017 1223 in
1056 1178 1271 1237 collegio
1311 1192 1369 1223 cc
1409 1181 1458 1223 et
1495 1178 1547 1223 lx
1585 1192 1705 1223 oues
1745 1181 1795 1224 et
1832 1178 1947 1223 lana
1985 1178 2244 1224 decimalis
2285 1178 2350 1224 de

277 1242 510 1288 0duabus¹
550 1242 693 1287 annis
726 1245 776 1287 et
813 1242 972 1287 eciam
1009 1241 1074 1287 de
1111 1242 1341 1300 propriis,
1383 1244 1434 1287 et
1471 1242 1555 1286 vbi
1595 1241 1690 1287 hec
1730 1241 2040 1287 deuenerunt
2078 1243 2348 1300 ignoratur.

300 1307 435 1351 Dicit
458 1305 595 1367 quod
619 1305 823 1366 quidam
843 1305 1075 1350 dominus
1095 1305 1279 1360 Simon,
1298 1307 1418 1350 tunc
1436 1307 1728 1364 procurator
1747 1305 1960 1363 collegii,
1980 1305 2208 1350 vendidit
2226 1319 2347 1351 oues

299 1372 349 1415 et
373 1370 537 1415 lanam
562 1372 610 1414 et
634 1369 899 1428 pecuniam
924 1372 1179 1428 receptam
1203 1368 1498 1428 expendidit
1523 1370 1574 1413 in
1597 1368 1786 1414 familia
1811 1386 1820 1425 ;
1857 1371 1907 1414 et
1938 1368 2082 1414 aliter
2104 1369 2264 1414 nescit
2286 1368 2352 1414 ad

299 1433 560 1478 articulum
579 1432 900 1492 respondere,
920 1433 1037 1493 quia
1055 1432 1118 1478 de
1136 1432 1318 1478 talibus
1343 1466 1612 1479 ........
1640 1446 1733 1478 nec
1757 1431 1821 1477 de
1839 1432 2082 1477 similibus
2099 1449 2108 1489 ;
2134 1434 2184 1478 et
2201 1446 2350 1491 super

300 1497 399 1542 hoc
435 1497 652 1556 prestitit
688 1497 1031 1542 iuramentum
1123 1497 1233 1542 Nec
1269 1496 1430 1542 eciam
1465 1496 1657 1555 recepit
1695 1496 1933 1555 pecunias
1973 1496 2067 1541 nisi
2105 1498 2158 1540 vt
2195 1496 2350 1542 ceteri

301 1561 439 1606 soen.

431 1623 706 1684 [Dominus
721 1621 1031 1683 Willelmus]
1055 1622 1277 1683 Blokley,
1297 1624 1582 1680 canonicus,
1599 1622 1722 1668 dicit
1736 1622 1872 1684 quod
1882 1621 2015 1682 pene²
2029 1636 2130 1668 non
2145 1622 2347 1668 obseru-

296 1688 493 1733 ancium
518 1687 667 1732 horas
690 1687 826 1732 iuxta
859 1689 1043 1732 statuta
1076 1701 1174 1732 non
1214 1686 1485 1743 soluuntur,
1524 1689 1574 1732 et
1609 1686 1731 1732 dicit
1767 1686 1903 1747 quod
1940 1686 2211 1745 capitulum
2245 1700 2346 1732 non

302 1750 431 1811 [vult
475 1750 681 1811 a]udire
726 1753 990 1810 compotos
1035 1750 1402 1806 officiariorum,
1448 1750 1566 1796 licet
1610 1749 1896 1806 offerantur,
1938 1750 2007 1794 ibi
2047 1749 2223 1795 saltem
2261 1750 2345 1795 vbi

295 1815 473 1860 timent
497 1814 738 1860 sefacere
762 1814 1113 1860 resoluciones.
1183 1814 1294 1872 Quo
1328 1814 1393 1859 ad
1426 1814 1639 1872 primam
1674 1815 1869 1873 partem
1899 1813 2090 1859 articuli
2127 1812 2348 1859 decanus

296 1878 513 1923 monitus
543 1876 671 1938 [est]
702 1878 793 1923 sub
818 1893 949 1937 pena
972 1878 1242 1923 solucionis
1267 1877 1406 1936 dupli
1429 1892 1672 1936 penarum
1690 1877 2066 1923 commissarum
2084 1876 2221 1938 quod
2238 1877 2347 1936 ipse

296 1943 461 2000 exigat
485 1955 640 2000 penas
665 1941 949 1987 huiusmodi
974 1942 1266 1987 commissas
1289 1942 1425 1986 iuxta
1448 1943 1644 1987 statuta.

429 2003 728 2065 [Dominus]
761 2004 1004 2050 Ricardus
1029 2004 1203 2064 Smyth
1230 2004 1353 2050 dicit
1376 2004 1513 2066 quod
1548 2004 1719 2050 debite
1752 2003 1876 2050 hore
1911 2003 1977 2049 ad
2013 2003 2184 2049 diuina
2219 2003 2345 2050 cele-

295 2068 489 2114 branda
512 2068 624 2114 non8
647 2068 976 2114 obseruantur
1001 2083 1094 2114 nec
1117 2069 1277 2114 eciam
1301 2067 1425 2114 hore
1449 2067 1802 2114 refeccionum.

425 2132 552 2177 Item
577 2131 700 2177 dicit
735 2132 872 2192 quod
910 2132 1144 2186 decanuS,
1183 2131 1500 2177 subdecanus
1536 2134 1586 2177 et
1623 2131 1833 2191 Blokley
1869 2131 2077 2176 nimium
2116 2133 2167 2177 et
2205 2131 2385 2192 quasi

296 2195 520 2256 quotidie
544 2195 810 2241 intendunt
832 2196 1053 2241 tabernis
1077 2195 1306 2254 publicis,
1327 2195 1590 2241 intantum
1608 2195 1745 2256 quod
1764 2195 2087 2240 ebrietatem
2076 2197 2347 2249 incurrunt

295 2262 344 2304 et
368 2262 636 2318 propterea
661 2294 835 2315 ......
827 2261 913 2340 vt
936 2257 1218 2318 prefertur,4
1240 2273 1341 2304 non
1366 2259 1709 2330 oboseruantur
1781 2258 2004 2303 Monitus
2028 2261 2103 2303 est
2127 2258 2350 2304 decanus

295 2387 431 2447 quod
456 2388 653 2445 penitus
674 2323 958 2447 [abstineat
982 2384 1246 2446 decetero]
1276 2386 1340 2431 ab
1364 2385 1651 2431 huiusmodi
1673 2386 1908 2431 tabernis.

426 2450 553 2495 Item
598 2450 721 2495 dicit
771 2450 908 2511 quod
965 2450 1197 2495 dominus
1246 2450 1494 2495 Robertus
1539 2449 1735 2509 Careby
1779 2451 1856 2494 est
1900 2447 2187 2495 diffamatus
2230 2463 2344 2494 eum

297 2513 502 2559 muliere
538 2514 806 2572 coniugata
830 2513 894 2559 de
917 2513 1191 2572 Twywelle
1214 2515 1265 2558 vt
1289 2527 1469 2572 supra3
1506 2528 1621 2558 nam
1657 2513 1708 2558 in
1743 2512 1874 2559 festo
1910 2513 2067 2558 sancti
2106 2512 2346 2572 Botulphi

296 2579 526 2636 suspecte
550 2577 750 2623 fuerunt
775 2614 783 2623 .
810 2613 819 2622 .
848 2614 856 2622 .
888 2612 896 2621 .
923 2579 1007 2622 aut
1029 2577 1166 2636 apud
1193 2576 1429 2635 Higham.

426 2641 552 2686 Item
610 2640 732 2686 dicit
786 2641 922 2701 quod
978 2640 1233 2686 Walterus
1291 2639 1603 2696 Luffenham,
1660 2641 1968 2699 procurator,
2015 2642 2090 2685 est
2136 2639 2345 2684 multum

295 2703 647 2762 dispendiosus
671 2705 721 2749 in
747 2704 992 2763 expensis,
1019 2718 1142 2765 quas
1166 2706 1456 2763 sumptuose
1478 2703 1600 2749 facit
1622 2703 1688 2749 ad
1712 2706 1863 2758 extra,
1901 2706 1950 2749 et
1986 2717 2087 2748 non
2123 2703 2346 2749 reddidit

295 2770 587 2826 compotum
612 2767 676 2813 de
700 2767 865 2813 officio
890 2782 995 2812 suo.
1067 2768 1231 2826 Negat
1253 2767 1532 2813 articulum.

425 2831 670 2876 Dominus
705 2831 959 2892 Johannes
997 2830 1233 2886 Burtone,
1259 2831 1544 2886 canonicus,
1571 2830 1694 2876 dicit
1726 2830 1864 2892 quod
1890 2828 2206 2886 Luffenham,
2231 2843 2343 2889 pro-

297 2896 495 2939 curator
530 2894 721 2950 domus,
748 2896 884 2940 stetit
918 2895 969 2939 in
1005 2893 1171 2940 officio
1208 2894 1293 2939 illo
1330 2908 1419 2953 per
1454 2894 1736 2949 triennium,
1775 2895 1825 2940 et
1859 2894 1943 2939 vbi
1980 2908 2070 2953 per
2105 2895 2345 2938 statutum

295 2957 531 3004 redderet
560 2957 904 3018 [compotum]
935 2958 1010 3003 bis
1033 2958 1084 3002 in
1115 2972 1261 3015 anno,
1288 2972 1389 3009 non
1425 2957 1610 3003 reddit⁵
1643 2960 1938 3017 compotum
1973 2960 2081 3004 toto
2116 2959 2346 3016 tempore

297 3035 402 3066 suo.

428 3083 585 3144 [Item
610 3083 764 3145 dic]it
787 3084 924 3145 quod
948 3085 1080 3130 bona
1099 3084 1297 3143 collegii
1316 3084 1621 3143 dissipantur
1639 3099 1728 3144 per
1745 3083 2080 3144 improuidam
2098 3083 2342 3143 guberna-

295 3147 510 3192 cionem⁰
554 3149 708 3206 ipsius
753 3147 945 3193 domini
989 3147 1216 3203 Walteri,
1264 3150 1314 3193 et
1352 3148 1481 3193 >dicit
1526 3148 1664 3209 quod
1710 3148 1846 3194 idem
1890 3147 2147 3194 Walterus
2192 3162 2343 3193 vnum

398 3259 411 3282 ¹
440 3258 518 3297 Sic.

395 3309 412 3333 ²
437 3311 654 3349 Interlined
674 3311 799 3348 above
818 3312 958 3349 mulcte
971 3311 1185 3350 cancelled.

395 3360 411 3384 ³
438 3363 655 3400 Interlined
674 3362 798 3400 above
817 3375 883 3400 nec
902 3363 1115 3402 cancelled.

393 3411 409 3435 ⁴²
433 3418 474 3449 vt
487 3415 685 3461 prefertur
703 3413 780 3450 and
800 3414 868 3451 the
887 3414 1061 3462 illegible
1080 3413 1187 3451 word
1207 3414 1432 3463 preceding,
1452 3426 1598 3463 appear
1615 3422 1657 3451 to
1675 3414 1776 3452 have
1806 3414 1905 3452 been
1932 3413 2134 3451 cancelled
2163 3414 2240 3451 and
2267 3421 2345 3452 two

292 3476 337 3500 or
356 3463 466 3501 three
486 3464 614 3501 words
633 3464 790 3501 written
811 3465 850 3502 in
871 3466 996 3503 above
1013 3477 1022 3511 ;
1051 3466 1122 3503 but
1140 3465 1221 3502 this
1239 3466 1271 3502 is
1290 3472 1360 3503 not
1377 3466 1542 3503 certain.

397 3514 412 3537 ⁵
440 3516 528 3553 Sic:
559 3515 618 3553 for
644 3517 826 3554 reddidit.

396 3564 412 3588 ⁶
432 3572 506 3616 per
522 3567 734 3605 cancelled.

396 3656 409 3680 ²
439 3656 634 3706 Probably
651 3669 701 3694 an
722 3669 827 3695 error
845 3657 904 3694 for
925 3659 936 3678 ‘
948 3658 1050 3706 forty
1067 3658 1274 3707 shillings?

394 3708 410 3732 2
438 3710 473 3746 I.
476 3721 525 3754 e.,
545 3709 612 3746 the
630 3708 689 3746 six
707 3709 879 3746 almuces
897 3710 1184 3768 corresponded
1204 3716 1244 3747 to
1263 3710 1330 3747 the
1348 3709 1407 3747 six
1425 3721 1572 3747 canons
1589 3708 1757 3747 named
1747 3721 1787 3746 1n
1806 3709 1872 3747 the
1890 3707 2134 3746 foundation.

394 3757 410 3782 ³
438 3759 575 3798 Simon
595 3759 761 3805 Stokke,
783 3759 914 3808 priest‚
934 3773 1014 3798 was
1032 3761 1122 3798 inst.
1143 3767 1184 3798 to
1202 3773 1226 3798 a
1244 3773 1431 3809 canonry,
1455 3771 1504 3809 30
1525 3761 1633 3808 May,
1659 3770 1767 3807 1419,
1787 3766 1827 3798 at
1845 3760 1911 3798 the
1939 3773 2039 3810 pres.
2060 3760 2102 3797 of
2126 3759 2193 3798 the
2219 3759 2341 3798 abbot

288 3811 366 3854 and
398 3817 568 3849 convent
599 3812 643 3849 of
675 3810 980 3862 Peterborough‚
1012 3824 1064 3850 on
1096 3811 1342 3868 exchanging
1373 3813 1439 3850 the
1472 3811 1618 3854 church
1649 3811 1692 3852 os
1719 3812 1842 3850 Great
1874 3812 2042 3858 Ponton,
2075 3811 2218 3856 Lines„
2246 3811 2342 3855 with
