2476 4412
294 411 371 471 47
746 386 1232 449 ALNWICK’S
1313 380 1881 442 VISITATIONS

426 551 581 614 [Item
627 547 782 609 dic]it
825 545 960 607 quod
1004 544 1230 590 diuinum
1259 540 1544 613 ‘seru-icium
1588 524 1705 584 non*
1736 536 1919 584 dicitur
1962 536 2101 609 horis
2150 537 2333 611 debitis

294 615 569 664 secundum
591 612 825 671 regulam.
852 613 901 656 et
924 608 1046 654 dicit
1069 605 1207 668 quod
1229 604 1489 651 silencmm
1511 617 1614 648 non
1638 601 1932 647 obseruatur
1953 600 2078 647 locis
2102 600 2298 649 debitis.

426 675 608 740 [Item]
658 673 897 721 moniales
941 671 1173 718 emittunt
1216 669 1406 715 litteras
1451 669 1502 713 et
1545 665 1794 725 recipiunt
1837 665 2013 710 missas
2050 665 2332 712 inconsulta

295 744 543 804 priorissa.
1679 792 1688 801 ·
1867 792 1876 800 ⁶
2120 791 2129 800 ·
2319 793 2330 802 ο
2418 776 2422 778 ,

425 806 553 850 Item
589 801 711 848 dicit
746 798 883 861 quod
920 799 1113 844 secreta
1149 795 1328 842 domus
1351 793 1653 852 deteguntur
1676 807 1728 838 1n
1750 794 1912 852 patna
1933 805 2024 851 per
2046 790 2334 839 huiusmodi
2415 804 2433 806 ·

295 869 544 916 seculares
566 865 910 912 aduentantes.

422 932 548 976 Item
594 926 834 973 moniales
879 925 1112 971 emittunt
1155 921 1430 968 seruientes
1474 919 1723 979 prioratus
1767 919 1819 964 in
1862 918 2087 978 negociis
2131 918 2232 964 suis
2285 921 2364 966 et.
2420 975 2424 979 ‚

294 995 539 1054 recipiunt
575 992 733 1038 eciam
769 1003 1009 1049 personas
1044 1001 1137 1046 pro
1161 985 1341 1047 quibus
1364 985 1567 1029 mittunt
1589 985 1640 1028 et
1663 997 1777 1028 cum
1800 982 1981 1044 quibus
2004 981 2254 1044 colloquia
2286 985 2337 1030 et
2432 988 2438 996 ”

292 1052 798 1105 communicaciones1
821 1052 886 1098 de
909 1051 1088 1114 quibus
1111 1049 1348 1108 priorissa
1369 1047 1580 1107 ignorat.
2307 1100 2310 1101 7
2420 1089 2442 1109 ss*

424 1121 550 1165 Item
595 1117 717 1163 dicit
760 1115 897 1177 quod
945 1113 1158 1160 Isabella
1204 1112 1363 1158 Benet
1409 1112 1609 1156 notatur
1653 1124 1767 1155 cum
1813 1108 2020 1155 domino
2063 1107 2340 1160 willelmo·
2413 1155 2416 1158 ,

295 1183 514 1244 Smythe,
541 1180 731 1227 dudum
767 1178 1026 1238 capellano
1062 1176 1265 1231 ibidem,
1292 1177 1341 1221 et
1376 1173 1611 1233 concepit
1634 1173 1699 1219 de
1722 1187 1784 1219 eo
1808 1175 1857 1219 et
1879 1172 2090 1232 peperit,
2116 1174 2166 1219 et
2200 1176 2338 1238 quod
2421 1170 2425 1176 ’

291 1262 394 1294 non
418 1245 632 1292 correxit
655 1258 766 1289 eam
790 1242 906 1304 quia
930 1256 1031 1287 non
1053 1239 1286 1285 audebat.

421 1310 548 1354 Item
585 1307 719 1353 dicta
758 1305 970 1351 Isabella
1007 1318 1107 1349 non
1144 1305 1219 1348 est
1255 1300 1500 1348 obediens
1523 1300 1773 1359 priorisse.
1842 1299 1942 1346 Sic⁸
1963 1300 2059 1347 alie
2092 1302 2337 1350 moniales
2420 1335 2427 1350 .›

294 1373 596 1435 quandoque
624 1369 879 1425 obediunt,
915 1367 1217 1429 quandoque
1249 1380 1382 1421 non3
1417 1367 1467 1410 et
1494 1363 1736 1410 moniales
1772 1378 1874 1410 non
1909 1364 2099 1411 habent
2129 1365 2240 1413 vela
2272 1363 2339 1413 ad
2394 1355 2438 1413 *s

293 1432 674 1496 superpellicia,⁴
696 1432 786 1478 sed
809 1431 999 1477 frontes
1023 1428 1261 1476 habento⁵
1283 1428 1510 1474 nudatas,

422 1499 571 1545 Soror
606 1496 798 1559 juliana
833 1494 1004 1549 Wolfe
1042 1494 1164 1540 dicit
1203 1492 1340 1554 quod
1379 1492 1546 1538 forent
1586 1490 1685 1537 due
1723 1490 1983 1551 lampades
2017 1491 2252 1540 ardentes
2283 1494 2336 1541 in

291 1563 534 1623 superiori
558 1560 770 1607 ecclesia
793 1561 843 1604 et
866 1558 1023 1604 choro
1047 1560 1276 1616 tempore
1301 1555 1458 1601 diuini
1482 1555 1695 1615 seruicij.
2075 1589 2077 1591 .

424 1626 551 1671 Item
587 1624 710 1670 dicit
746 1622 882 1684 quod
918 1621 1155 1681 priorissa
1191 1634 1291 1666 non
1316 1618 1538 1666 ostendit
1561 1620 1853 1678 compotum
1883 1618 2338 1668 administracionis

293 1705 379 1736 sue
404 1688 671 1735 sororibus,

424 1753 551 1798 Item
575 1752 697 1797 dicit
720 1749 854 1810 quod
877 1749 1113 1809 priorissa
1135 1747 1491 1807 impignorauit
1513 1745 1691 1793 iocalia
1714 1745 1908 1803 domUS,
1932 1746 2168 1794 videlicet
2188 1762 2338 1794 Vnam

294 1831 474 1876 cupam
509 1829 601 1875 pro
638 1828 849 1873 corpore
885 1812 1083 1868 Christi,
1121 1811 1187 1857 ad
1223 1811 1538 1868 decennium,
1563 1824 1662 1872 que
1695 1809 1864 1856 adhuc
1899 1814 2124 1859 remanet
2158 1811 2336 1873 impig-

295 1882 483 1934 norata,
509 1881 559 1925 et
582 1879 740 1924 eciam
764 1877 885 1922 alias
908 1877 1077 1936 pecias
1100 1876 1377 1934 argenteas.

423 1943 550 1989 Item
595 1941 717 1987 dicit
760 1939 897 2002 quod
942 1939 1179 1999 priorissa
1222 1936 1622 1984 comminabatur
1666 1936 1804 1999 quod
1849 1937 1890 1983 si
1929 1937 2052 1999 quid
2095 1938 2338 1986 moniales

296 2006 577 2064 detegerint
600 2006 651 2050 in
673 2004 965 2050 visitacione
987 2003 1182 2048 luerent
1204 2002 1255 2047 in
1279 2001 1578 2047 carceribus.

423 2070 549 2115 Item
590 2068 712 2114 dicit
750 2067 887 2128 quod
925 2067 1163 2126 priorissa
1201 2065 1461 2111 consueuit
1506 2064 1612 2111 sola
1655 2064 1899 2111 accedere
1942 2064 2009 2112 ad
2058 2065 2227 2112 villam
2271 2065 2337 2114 de

296 2133 512 2192 Catesby
534 2132 599 2178 ad
622 2131 856 2191 gardinas
879 2145 993 2176 cum
1015 2144 1114 2176 vno
1138 2129 1246 2175 solo
1269 2129 1579 2189 presbytero,
1599 2128 1803 2174 nomine
1820 2128 2079 2176 Willelmo
2101 2129 2334 2190 Taylour.

424 2197 550 2242 Item
576 2194 789 2241 Isabella
810 2194 1042 2251 Wavere,
1068 2195 1226 2239 mater
1249 2192 1499 2252 priorisse,
1518 2192 1647 2251 regit
1669 2192 1810 2253 quasi
1833 2194 1991 2239 totam
2015 2193 2222 2239 domum
2237 2209 2335 2240 vna

291 2275 405 2306 cum
449 2259 676 2321 Johanna
722 2256 1053 2314 Coleworthe,
1100 2259 1316 2316 cognata
1359 2255 1635 2302 cuiusdam6
1672 2256 1966 2317 presbyteri,
2007 2259 2058 2303 et
2096 2258 2190 2304 iste
2235 2257 2335 2305 due·

292 2325 493 2383 portant
517 2323 683 2368 claues
707 2322 928 2367 omnium
953 2320 1246 2366 officiorum.

422 2387 548 2432 Item
586 2400 701 2432 cum
740 2384 966 2444 hospites
1003 2384 1210 2430 veniunt
1249 2383 1314 2430 ad
1359 2382 1579 2438 domum,
1619 2383 1858 2443 priorissa
1903 2384 2084 2430 emittit
2127 2384 2335 2432 iuuenes

292 2450 532 2495 moniales
571 2449 636 2495 ad
674 2447 997 2495 sternendum
1038 2463 1210 2494 eorum
1248 2448 1420 2505 lectOS,
1458 2446 1596 2509 quod
1634 2449 1710 2493 est
1749 2446 2041 2493 scandalum
2078 2447 2250 2494 domui
2283 2451 2334 2496 et

330 2513 642 2559 ericulosum.

293 2527 326 2573 p
421 2577 548 2622 Item
584 2576 820 2635 priorissa
856 2589 957 2621 non
994 2574 1237 2621 satisfacit
1273 2574 1572 2620 monialibus
1609 2573 1674 2620 de
1709 2573 1892 2620 vestitu
1915 2576 1966 2620 et
1988 2574 2207 2621 denariis
2240 2590 2333 2636 pro

293 2640 426 2685 victu
445 2654 454 2693 ;
491 2642 540 2685 et
563 2639 685 2685 dicit
708 2638 845 2700 quod
868 2639 1105 2699 priorissa
1128 2641 1203 2684 est
1225 2638 1504 2684 indebitata
1527 2637 1826 2684 monialibus
1851 2638 1915 2685 de
1938 2639 2195 2698 premissis
2228 2639 2335 2700 per⁷

292 2704 386 2749 tria
409 2703 657 2764 quarteria
680 2703 810 2747 anni.

422 2767 548 2813 Item
585 2765 781 2812 edificia
817 2768 866 2812 et
901 2767 1188 2812 tenementa
1211 2768 1315 2811 tam
1338 2765 1389 2810 in
1412 2765 1636 2825 prioratu
1659 2779 1810 2826 quam
1834 2767 1974 2811 extra
1996 2767 2111 2812 sunt
2133 2766 2334 2813 ruinosa

293 2832 342 2875 et
366 2830 519 2875 multa
541 2829 607 2875 ad
630 2832 814 2875 terram
838 2829 1058 2889 collapsa
1081 2832 1289 2889 propter
1314 2828 1570 2875 defectum
1593 2829 1947 2888 reparacionis.
2470 2859 2471 2874 2

423 2892 539 2954 [Fo.
565 2891 703 2953 94d.]
777 2893 995 2938 Domina
1020 2893 1233 2939 Isabella
1265 2892 1425 2938 Benet
1449 2892 1572 2938 dicit
1595 2891 1746 2954 quod,
1771 2892 1974 2954 quando
1997 2893 2236 2952 priorissa
2257 2895 2334 2940 est
2470 2903 2471 2906 ’

292 2959 543 3002 commota
564 2959 738 3002 contra
761 2956 999 3018 aliquales
1023 2956 1278 3013 moniales,
1304 2958 1450 3002 vocat
1474 2970 1557 3002 eas
1581 2957 1870 3002 meretrices
1893 2959 1943 3003 et
1964 2956 2118 3003 trahit
2140 2971 2225 3003 eas
2242 2971 2333 3019 per
2465 2922 2476 2983 Ξ

294 3021 456 3065 crines
479 3020 636 3065 eciam
661 3020 711 3065 in
736 3019 905 3066 choro.

422 3083 548 3128 Item
588 3083 709 3128 dicit
753 3083 889 3144 quod
933 3084 1170 3142 priorissa
1209 3085 1315 3129 erat
1360 3081 1619 3129 diffamata
1664 3097 1778 3129 cum
1823 3083 2031 3130 domino
2074 3084 2334 3131 Willelmo

392 3193 405 3217 ¹
432 3194 502 3232 Sic
516 3208 530 3231 .·
557 3193 691 3231 habent
708 3195 890 3234 omitted.

390 3243 407 3267 2
433 3245 532 3281 Bene
549 3244 763 3284 cancelled.

391 3294 407 3318 ³
432 3308 498 3332 nec
514 3295 730 3333 cancelled.

391 3346 407 3369 4
432 3347 517 3383 Sic:
548 3347 618 3384 but
635 3348 834 3396 supercilia
852 3347 884 3385 is
902 3347 1180 3398 undoubtedly
1199 3356 1345 3387 meant.

391 3396 406 3419 ⁵
432 3398 518 3434 Sic:
547 3396 613 3434 the
630 3411 662 3443 o,
680 3397 873 3443 however,
891 3411 981 3447 may
1002 3400 1048 3436 be
1067 3400 1217 3449 merely
1235 3413 1283 3438 an
1304 3400 1572 3449 exaggerated
1591 3400 1756 3438 flourish
1775 3400 1876 3438 after
1892 3400 1959 3438 the
1977 3406 2006 3439 t.

389 3446 405 3470 ⁰
434 3446 614 3496 Possibly
631 3448 797 3485 eiusdem
817 3461 906 3498 may
924 3449 1024 3487 have
1046 3451 1142 3488 been
1164 3460 1309 3500 meant,
1327 3465 1369 3489 as
1389 3450 1579 3501 Taylour,
1597 3452 1829 3490 mentioned
1848 3452 1888 3490 in
1908 3452 1976 3491 the
1995 3452 2072 3491 last
2087 3451 2280 3498 detectum,
2299 3451 2333 3491 is

289 3496 413 3548 likely
432 3506 473 3535 to
492 3499 540 3536 be
559 3498 626 3536 the
646 3512 788 3547 person
808 3500 979 3539 referred
999 3509 1053 3539 to.

389 3549 405 3577 Ἰ
430 3554 509 3587 tres
533 3549 744 3589 cancelled.

387 3657 402 3681 ¹
429 3658 503 3696 See
523 3668 616 3696 note
634 3671 683 3696 on
717 3659 893 3706 Infamia,
922 3660 1154 3708 Visitations‚
1177 3673 1205 3708 1,
1227 3672 1312 3710 234,
1331 3662 1462 3702 where
1490 3663 1557 3702 the
1584 3664 1784 3703 technical
1810 3664 1984 3715 identity
2009 3664 2053 3703 of
2077 3670 2207 3703 notare
2233 3664 2328 3704 with

285 3708 479 3758 defizmare
499 3710 531 3747 is
550 3709 712 3759 pointed
732 3718 813 3748 out.

383 3759 400 3782 2
427 3759 512 3798 The
533 3760 704 3810 original
722 3768 829 3798 must
845 3762 893 3799 be
913 3763 1128 3801 translated
1147 3771 1156 3784 ⁴
1169 3765 1359 3813 surplices
1376 3765 1397 3811 ',
1414 3765 1543 3803 which
1562 3766 1695 3804 would
1714 3767 1762 3805 be
1780 3779 1994 3806 nonsense.

382 3808 398 3834 ³
425 3809 490 3850 Cf.
505 3810 684 3850 detectum
704 3821 748 3861 14
765 3825 815 3850 on
836 3825 873 3862 p.
892 3822 911 3859 3
927 3814 1065 3862 above,
1084 3815 1164 3853 and
1181 3815 1248 3854 the
1267 3815 1343 3855 last
1363 3824 1549 3855 sentence
1567 3817 1610 3855 of
1626 3818 1851 3870 injunction
1866 3832 1904 3867 v,
1918 3831 1956 3870 p.
1972 3819 2010 3857 8.
2046 3817 2134 3857 The
2153 3818 2325 3870 prioress
2405 3866 2411 3871 ο
