2488 4296
355 446 387 504 7
383 448 426 503 3
805 423 1293 483 ALNWICK'S
1376 420 1940 480 VISITATIONS

479 584 733 630 Walterus
771 581 1077 628 Dorchestre
1111 580 1270 626 tenuit
1305 578 1559 641 quandam
1595 578 1854 624 mulierem
1890 578 2094 624 nomine
2114 578 2395 639 Johannam

354 649 611 694 Barboure
629 649 679 693 et
701 661 812 692 eam
834 644 1169 703 impregnauit
1191 644 1242 688 in
1265 645 1458 688 tantum
1476 641 1614 702 quod
1637 642 1841 687 maritus
1864 640 2091 687 eiusdem
2107 641 2262 687 voluit
2280 656 2395 688 eum

353 711 646 765 interficere,
673 709 815 755 etsie
843 708 1047 753 tandem
1084 705 1356 752 concordia
1393 705 1572 751 ductus
1608 704 1783 750 habuit
1817 704 1883 750 ab
1918 719 1980 750 eo
2015 705 2310 764 pensionem
2342 707 2396 750 vt

354 774 508 820 nichil
529 773 741 832 amplius
775 774 950 817 contra
984 785 1098 816 eum
1130 771 1314 828 ageret.
1402 769 1586 814 Tenuit
1620 769 1780 813 eciam
1812 781 2019 813 vxorem
2051 767 2249 814 Thome
2285 769 2396 828 Dey

355 837 614 884 seruientis
650 835 804 881 nostri
842 837 891 880 et
926 848 1036 879 eam
1071 832 1418 892 impregnauit,
1455 837 1507 877 vt
1541 845 1640 876 vox
1676 833 1726 876 et
1760 831 1894 876 fama
1929 831 2151 876 omnium
2185 831 2393 878 laborat.

353 899 696 960 Inpignorauit
734 898 893 943 eciam
933 896 1141 942 calicem
1179 897 1469 954 argenteam
1506 896 1556 940 et
1600 908 1748 939 vnam
1794 893 2083 939 deauratam
2126 893 2396 941 infirmarie

350 968 577 1021 tempore
600 975 700 1023 quo
724 963 828 1006 erat
852 963 1020 1005 custos
1044 958 1268 1004 eiusdem
1291 957 1440 1018 officij
1466 975 1475 1004 ι
1501 957 1719 1019 quinque
1738 957 1984 1003 coclearia
2001 957 2224 1003 eiusdem
2244 957 2393 1019 officij

351 1025 571 1086 perdidit
604 1027 688 1070 aut
719 1023 961 1069 vendidit.
1034 1022 1225 1067 Habuit
1258 1022 1416 1067 eciam
1441 1020 1694 1082 quandam
1717 1035 1861 1066 auem
1884 1020 2080 1079 anglice
2105 1020 2394 1080 goshowke,

351 1103 500 1151 quam
537 1088 623 1133 diu
660 1088 819 1132 tenuit
855 1089 904 1132 et
940 1087 1079 1132 cuius
1115 1086 1354 1130 instinctu
1390 1084 1510 1130 fecit
1547 1083 1751 1130 domum
1788 1083 2002 1143 perdere
2038 1084 2397 1146 quinquaginta

351 1152 552 1198 solidos.
643 1150 894 1196 Dormiuit
938 1150 1098 1195 eciam
1142 1163 1232 1207 per
1277 1162 1499 1194 mensem
1545 1149 1596 1193 in
1641 1146 1911 1193 infirmaria
1954 1147 2144 1208 absque
2188 1147 2394 1207 speciali

354 1215 565 1261 licencia
586 1214 784 1259 abbatis
807 1213 871 1258 de
895 1215 1045 1258 nocte
1068 1212 1119 1257 in
1142 1214 1358 1266 noctem,
1385 1214 1434 1256 et
1467 1211 1641 1256 habuit
1665 1225 1835 1256 secum
1859 1210 2091 1256 mulieres
2115 1213 2165 1256 et
2187 1212 2395 1258 societa-

354 1281 457 1324 tem
480 1277 811 1331 inhonestam,
835 1276 969 1321 vnde
993 1275 1173 1321 domus
1197 1277 1303 1320 erat
1325 1274 1559 1320 inhonori
1583 1275 1782 1333 penitus
1806 1273 1992 1320 dedita.

485 1339 760 1386 Nicholaus
786 1338 1102 1399 Plymmothe
1136 1340 1243 1384 erat
1276 1340 1452 1397 captus
1485 1352 1576 1397 per
1608 1339 1838 1383 tenentes
1870 1339 2063 1383 vestros
2097 1352 2211 1384 cum
2243 1351 2398 1384 vxore

354 1404 566 1464 tannarij
609 1403 765 1449 nostri
805 1403 969 1448 nudus
1009 1416 1123 1447 cum
1162 1400 1310 1456 nuda,
1347 1404 1397 1447 et
1431 1402 1482 1446 in
1515 1401 1858 1447 testimonium
1897 1401 2119 1456 criminis
2154 1404 2399 1461 ceperunt

357 1466 756 1526 deprehensores
789 1466 1045 1511 camisiam
1079 1479 1219 1510 suam
1243 1467 1293 1510 et
1317 1465 1572 1510 camisiam
1606 1464 1827 1510 mulieris
1851 1467 1901 1510 et
1923 1463 1990 1510 ad
2013 1463 2112 1510 huc
2134 1463 2324 1511 habent
2346 1466 2398 1511 et

356 1533 556 1577 seruant
578 1544 733 1591 Vsque
755 1529 806 1574 in
829 1528 1102 1575 aduentum
1125 1530 1357 1574 vestrum.

483 1593 735 1654 Johannes
764 1592 1139 1652 Scherousbery
1161 1591 1378 1650 pessime
1401 1590 1534 1637 fame
1558 1593 1633 1637 est
1651 1591 1769 1653 quia
1785 1593 1892 1637 erat
1915 1591 2261 1650 deprehensus
2284 1605 2399 1637 cum

355 1657 573 1719 quadam
596 1656 802 1702 muliere
838 1657 889 1701 in
929 1655 1210 1715 campanili,
1249 1669 1400 1716 quam
1438 1657 1575 1700 metu
1614 1657 1664 1701 et
1702 1655 1882 1701 timore
1922 1654 2102 1701 ductus
2140 1655 2309 1715 posuit
2345 1655 2398 1701 in

355 1720 608 1782 quandam
632 1720 808 1765 cistam
830 1718 1021 1765 domus.

483 1783 654 1828 Abbas
677 1782 1103 1828 immundissimus
1137 1784 1226 1828 est.
1295 1781 1518 1828 Chorum
1541 1795 1642 1827 non
1677 1781 1840 1840 diligit
1873 1796 1968 1828 nec
1991 1781 2074 1828 die
2097 1796 2192 1829 nec
2213 1783 2364 1828 nocte
2389 1799 2400 1828 z

357 1847 703 1893 correcciones
727 1861 828 1891 non
851 1845 971 1891 facit
994 1860 1143 1905 super
1165 1845 1587 1904 transgressiones
1610 1846 1980 1891 canonicorum.
2047 1845 2211 1892 Tenet
2233 1845 2401 1905 plures

358 1910 590 1956 mulieres
612 1924 820 1970 quarum
839 1910 1041 1954 nomina
1063 1907 1275 1968 ignoro¹,
1296 1911 1371 1955 set
1394 1909 1514 1954 istas
1533 1909 1650 1955 noui
1676 1925 1687 1955 :
1721 1908 2001 1970 Johannam
2021 1908 2266 1965 Baroune,
2285 1922 2401 1955 cum

361 1988 460 2034 qua
498 1975 604 2019 erat
640 1975 815 2032 captus
852 1973 903 2018 in
940 1987 1139 2018 camera
1177 1971 1468 2029 senescalli3
1519 1974 1657 2018 tenet
1689 1986 1895 2018 vxorem
1927 1972 2169 2033 Johannis
2203 1972 2399 2027 Forde;

358 2039 496 2082 tenet
534 2050 737 2082 vxorem
777 2036 1018 2097 Johannis
1065 2035 1273 2093 Roche;
1330 2038 1469 2082 tenet
1506 2050 1712 2082 onrem
1751 2035 1993 2097 Johannis
2032 2035 2208 2093 Prest;
2262 2037 2402 2082 tenet

359 2114 565 2146 vxorem
587 2099 784 2146 Thome
811 2099 1077 2145 Piscatoris
1101 2117 1110 2156 ;
1146 2114 1270 2161 quas
1293 2113 1468 2145 omnes
1486 2099 1691 2145 exhibet
1708 2114 1798 2158 per
1821 2098 1971 2145 bona²
1994 2099 2174 2145 domus
2197 2101 2247 2145 et
2267 2099 2403 2146 circa

359 2178 483 2225 quas
513 2163 722 2222 dissipat
756 2163 890 2208 bona
923 2162 1115 2218 domuS,
1157 2162 1312 2208 nichil
1346 2163 1467 2208 boni
1497 2162 1732 2208 faciendo
1767 2163 1860 2208 nisi
1893 2162 2152 2209 vastando.
2220 2163 2403 2209 Omnia

360 2226 538 2272 iocalia
578 2241 665 2271 sua
704 2228 818 2271 sunt
861 2226 1179 2285 inpignorata
1222 2228 1308 2272 aut
1351 2227 1550 2285 penitus
1593 2226 1811 2282 vendita,
1859 2228 1935 2272 set
1979 2227 2073 2272 iste
2117 2225 2402 2272 Willelmus

362 2289 656 2350 Mermyone
695 2289 997 2335 senescallus
1030 2304 1146 2335 suus
1178 2292 1373 2336 tantum
1406 2290 1501 2335 sibi
1535 2292 1707 2335 mutuo
1741 2290 1992 2336 concessit
2025 2292 2078 2336 vt
2116 2304 2175 2335 ea
2214 2289 2403 2336 habere

360 2354 523 2412 potuit
568 2366 686 2411 erga
730 2353 1001 2398 aduentum
1045 2355 1281 2410 vestrum,
1326 2355 1402 2399 set
1447 2367 1548 2399 non
1593 2353 1775 2410 omnia,
1822 2355 1971 2412 prout
2014 2352 2168 2399 refert
2210 2352 2409 2414 liquide

359 2417 604 2475 scriptura
642 2416 761 2461 inde
801 2416 1047 2462 confecta.
1118 2417 1311 2462 Domus
1345 2416 1500 2463 debet
1522 2416 1711 2478 liquide
1736 2431 1798 2462 ex
1821 2416 1957 2462 claro
1981 2419 2233 2476 compotu,
2253 2419 2402 2476 prout

359 2494 457 2525 vox
481 2482 624 2525 sonat
647 2480 775 2525 inter
799 2494 903 2535 nos,
929 2479 1192 2541 plusquam
1218 2480 1460 2526 ducentas
1482 2480 1635 2526 libras
1655 2497 1667 2537 ;
1700 2482 1750 2526 et
1773 2481 1814 2525 si
1837 2482 2009 2539 posset
2032 2480 2164 2526 hanc
2184 2483 2402 2526 vestram

359 2543 701 2589 visitacionem
721 2543 948 2599 euadere,
965 2558 1066 2589 non
1086 2542 1293 2589 dubium
1312 2543 1492 2589 domus
1510 2543 1639 2589 infra
1655 2544 1923 2589 terminum
1946 2546 2078 2589 esset
2098 2542 2402 2589 insufficiens

358 2606 424 2651 ad
469 2607 891 2652 sustentacionem
936 2609 1149 2667 quatuor
1192 2607 1563 2652 canonicorum.
1654 2607 1766 2666 Quo
1810 2608 1944 2653 circa
1988 2608 2267 2654 senciamus
2301 2607 2402 2652 iam

283 2701 285 2703 .
356 2672 573 2714 vestram
617 2669 924 2729 paternalem
968 2669 1247 2729 largifluam
1292 2670 1653 2729 benignitatem
1708 2671 1948 2730 precipue
2002 2671 2136 2717 circa
2179 2670 2398 2716 domum.

358 2732 534 2777 Nullus
568 2733 838 2779 canonicus
874 2736 1040 2779 seruat
1075 2733 1344 2779 claustrum
1380 2736 1495 2793 post
1533 2733 1814 2793 prandium,
1840 2736 1916 2780 set
1949 2733 2155 2796 quidam
2186 2748 2400 2792 aucupa-

355 2795 596 2852 cionibus,
622 2795 828 2857 quidam
851 2797 1223 2853 venacionibus,
1249 2796 1455 2859 quidam
1488 2797 1859 2857 piscacionibus
1893 2799 1943 2843 et
1977 2797 2158 2844 ceteris
2191 2796 2399 2843 dissolu-
2429 2826 2432 2830 ι

357 2859 584 2904 cionibus
608 2874 661 2905 se
685 2859 938 2916 exhibent,
963 2859 1097 2906 vnde
1121 2874 1326 2906 enorme
1349 2863 1425 2906 est
1449 2861 1642 2920 singula
1665 2861 1999 2908 considerare.

487 2922 599 2968 Hec
621 2937 739 2969 vera
761 2926 876 2969 sunt
899 2924 1026 2970 sicut
1052 2923 1189 2970 Deus
1212 2938 1293 2970 me
1315 2924 1520 2971 adiuuet
1543 2927 1592 2970 et
1614 2926 1826 2986 quatuor
1851 2924 1945 2971 Dei
1969 2923 2286 2983 euangeliste.

489 3224 606 3286 [Fo.
636 3239 723 3272 112
749 3226 920 3272 sched.
946 3225 1019 3288 2.]
1093 3227 1337 3274 Predictis
1361 3227 1444 3274 die
1468 3230 1518 3274 et
1539 3228 1654 3275 loco
1676 3228 1929 3290 Johannes
1954 3229 2202 3287 Brewere,
2228 3222 2402 3276 seruus

364 3287 619 3352 familiaris
657 3289 725 3334 in³
760 3291 1064 3336 monasterio
1104 3291 1169 3337 de
1207 3291 1570 3348 Dorcacestria‚
1618 3295 1922 3354 conquestus
1967 3295 2043 3339 est
2087 3292 2295 3339 domino
2339 3307 2402 3339 ex

359 3353 501 3409 parte
521 3355 796 3397 conuentus
819 3353 1043 3399 eiusdem
1062 3356 1348 3415 monasterij
1374 3355 1510 3416 quod
1533 3355 1739 3416 quidam
1761 3356 2016 3417 Johannes
2041 3356 2400 3417 Frankeleyne,

359 3416 528 3459 custos
566 3428 800 3460 warenne
839 3418 1125 3477 monasterij
1173 3417 1364 3463 ibidem
1408 3418 1501 3463 sub
1540 3418 1798 3466 Willelmo
1834 3419 2143 3480 Marmyone,
2181 3418 2401 3465 firmario

361 3476 585 3522 eiusdem
639 3491 863 3524 warrene
928 3480 1020 3524 sub
1086 3480 1249 3539 sigillo
1309 3482 1563 3527 communi
1619 3482 1800 3528 domus
1853 3482 1919 3528 ad
1973 3484 2241 3528 terminum
2284 3484 2398 3538 vite,

360 3539 480 3585 facit
503 3540 821 3600 quamplures
845 3542 1053 3588 insultus
1087 3544 1137 3587 in
1162 3545 1432 3590 canonicos
1467 3545 1589 3591 dicti
1613 3547 1902 3605 monasterij
1929 3549 1980 3592 et
2002 3547 2053 3592 in
2077 3560 2164 3592 eos
2187 3546 2402 3606 imponit

463 3650 476 3674 ¹
508 3651 670 3688 Altered
698 3651 798 3688 from
827 3653 965 3699 ignors.

461 3700 478 3724 ²
505 3701 727 3739 Interlined
754 3703 879 3740 above
905 3702 1014 3740 doma
1040 3704 1258 3744 cancelled.

461 3752 477 3776 ⁸
499 3754 675 3802 prioratu
702 3753 917 3791 cancelled.

463 3842 476 3866 ¹
505 3841 575 3887 I,e.
594 3842 662 3880 the
682 3849 841 3885 tenants
860 3842 902 3883 of
918 3842 984 3886 the
1003 3843 1156 3900 bishop,
1174 3845 1264 3884 who
1281 3859 1361 3886 was
1380 3847 1467 3889 lord
1486 3847 1528 3890 of
1543 3847 1610 3888 the
1629 3860 1769 3890 manor
1786 3848 1829 3887 of
1846 3848 2100 3894 Dorchester.
