2476 4412
261 417 336 472 42
714 395 1203 455 ALNWICK'S
1286 390 1852 451 VISITATIONS

265 555 499 611 mccccxI,
546 555 860 613 presentibus
895 553 1132 612 magistro
1167 551 1366 597 Thoma
1403 550 1663 606 Londone,
1700 548 1927 611 Johanne
1973 549 2084 609 Bug
2128 551 2178 596 et
2221 565 2303 598 me

265 618 513 664 Colstone.
598 618 966 678 Subsequenter
988 630 1121 672 vero,
1145 614 1380 661 videlicet
1401 629 1468 660 xx
1491 613 1574 659 die
1597 613 1848 659 dictorum
1871 613 2056 659 mensis
2079 616 2129 659 et
2150 613 2303 661 annol

264 682 315 726 in
339 682 549 727 ecclesia
573 680 888 726 conuentuali
923 679 988 724 de
1024 677 1260 738 Langley,
1287 678 1422 723 dicte
1456 677 1686 732 diocesis,
1712 690 1882 722 coram
1918 677 2135 737 Depyng
2167 691 2300 723 com-

264 745 426 803 paruit
450 744 610 790 dictus
634 743 785 788 frater
802 742 1084 787 Willelmus
1110 742 1275 801 Bryan
1300 743 1349 786 et
1372 741 1524 799 peciit
1547 739 1800 785 humiliter
1823 754 1877 785 se
1898 739 2092 785 absolui
2114 755 2144 786 a
2168 740 2303 787 dicta

264 808 530 853 sentencia.
596 806 742 851 Vnde
775 806 984 864 prestito
1018 819 1108 864 per
1142 819 1256 850 eum
1291 803 1355 849 de
1389 803 1615 863 parendo
1648 804 1742 848 iuri
1777 805 1827 849 et
1850 803 2031 849 stando
2055 804 2303 850 mandatis

264 870 473 915 ecclesie
511 871 788 915 iuramento
825 867 1085 928 corporali,
1124 870 1174 913 et
1209 868 1471 926 presertim
1509 866 1573 912 de
1612 865 1922 925 perficiendo
1966 867 2302 926 penitenciam

263 933 357 978 sibi
380 932 748 991 iniungendam,
775 946 871 992 que
894 931 1006 976 talis
1029 934 1117 986 est,
1143 930 1280 991 quod
1311 945 1402 989 per
1423 929 1474 975 xl
1498 929 1623 975 dies²
1646 930 1886 975 continuo
1909 933 2176 991 sequentes
2200 945 2301 977 non

262 996 417 1041 exibit
453 998 593 1055 septa
629 995 749 1040 dicti
789 996 1048 1054 prioratus,
1090 997 1139 1039 et
1173 993 1309 1054 quod
1343 993 1565 1054 qualibet
1598 993 1877 1052 septimana
1906 1008 1996 1052 per
2019 994 2301 1052 proximum

262 1073 485 1104 mensem
519 1073 609 1118 per
646 1058 771 1103 duos
808 1058 916 1103 dies
952 1057 1132 1119 quibus
1167 1056 1401 1102 carnibus
1439 1057 1656 1102 vescitur
1678 1057 1729 1102 in
1753 1056 1935 1103 eodem
1957 1058 2181 1116 prioratu
2202 1072 2301 1104 vno

261 1135 444 1180 genere
480 1122 702 1167 carnium
737 1123 929 1166 tantum
965 1123 1295 1176 contentetur,
1334 1119 1400 1166 et⁸
1436 1119 1622 1166 deinde
1657 1120 1914 1166 absolutus
1950 1123 2038 1178 est,
2068 1123 2302 1181 presente

262 1186 497 1244 magistro
520 1185 716 1230 Thoma
741 1184 1000 1240 Londone,
1027 1184 1222 1230 notario
1245 1186 1295 1230 et
1318 1184 1494 1230 scriba.

387 1306 624 1351 MONICIO
660 1317 970 1351 RESIGNANTI
1006 1317 1307 1351 PRIORATUM
1343 1317 1412 1350 AD
1445 1317 1875 1351 CERTIFICANDUM
1912 1317 1982 1351 DE
2008 1317 2301 1354 NOMINIBUS

262 1382 324 1414 ET
359 1381 755 1415 COGNOMINIBUS
789 1381 1131 1415 CREDITORUM
1169 1381 1234 1413 ET
1266 1381 1334 1413 AD
1370 1380 1817 1415 SATISFACIENDUM
1854 1381 2050 1415 EISDEM
2086 1381 2298 1417 CREDIT·

260 1445 459 1479 omnus,

995 1495 1162 1557 [Reg.
1187 1508 1332 1550 xvm,
1357 1495 1424 1542 fo,
1448 1494 1554 1557 43.]

385 1578 680 1635 Willelmus,
718 1579 1045 1637 permissione
1082 1579 1251 1624 diuina
1298 1579 1664 1625 Lincolniensis
1702 1580 1983 1640 episcopus,
2025 1580 2211 1627 dilecto
2249 1581 2301 1627 in

261 1642 460 1688 Christo
482 1641 584 1687 filio
608 1642 747 1687 fratri
770 1642 1026 1688 Willelmo
1054 1643 1304 1702 Horbury,
1331 1657 1490 1702 nuper
1513 1643 1667 1702 priori
1690 1644 1938 1703 prioratus
1961 1644 2026 1691 de
2050 1644 2299 1702 Bredone,

260 1705 448 1751 ordinis
493 1706 649 1751 sancti
694 1705 970 1764 Augustini,
1018 1709 1187 1752 nostre
1243 1706 1473 1763 diocesis,
1531 1707 1776 1754 canonico
1830 1710 2017 1765 nostro,
2074 1707 2298 1766 salutem,

259 1769 476 1827 graciam
511 1771 560 1815 et
599 1769 1024 1815 benediccionem.
1116 1770 1174 1815 In
1213 1770 1507 1816 visitacione
1545 1773 1716 1817 nostra
1759 1771 2013 1817 ordinaria
2056 1786 2205 1833 quam
2249 1772 2301 1817 in

259 1832 395 1878 dicto
418 1833 639 1892 prioratu
662 1847 819 1891 nuper
843 1834 1167 1891 exercuimus,
1188 1833 1522 1893 comperimus
1545 1835 1692 1880 nobis
1715 1833 1970 1881 detectum
1994 1837 2043 1881 et
2065 1849 2159 1894 pro
2180 1849 2301 1882 vero

259 1895 396 1956 quod
433 1895 594 1941 dictus
634 1896 880 1954 prioratus
919 1899 1147 1956 tempore
1192 1911 1292 1958 quo
1338 1897 1504 1943 eidem
1548 1897 1768 1957 preeres⁴
1811 1912 1965 1945 onere
2009 1900 2108 1945 eris
2150 1898 2300 1945 alieni

258 1958 481 2018 pluribus
519 1959 852 2005 creditoribus
896 1961 947 2005 in
992 1961 1185 2019 magnis
1230 1962 1279 2006 et
1324 1961 1628 2007 notabilibus
1673 1963 1879 2007 summis
1923 1963 2087 2008 extitit
2130 1965 2181 2008 et
2225 1965 2302 2009 est

259 2022 518 2081 obligatus,
539 2022 773 2084 quodque
791 2026 1018 2082 tempore
1036 2024 1276 2069 cessionis
1293 2026 1471 2081 vestre,
1490 2025 1569 2071 vel
1592 2025 1767 2071 saltem
1791 2028 1905 2085 post
1927 2025 2300 2086 prefeccionem

258 2086 436 2144 prioris
460 2086 543 2146 qui
578 2100 707 2131 nunc
731 2089 819 2142 est,
846 2088 1151 2133 conuenistis
1185 2102 1299 2133 cum
1333 2088 1525 2134 eorum⁶
1557 2089 1725 2148 priore
1760 2089 2026 2150 eidemque
2058 2090 2110 2135 in
2143 2090 2300 2137 verbo

258 2149 478 2194 veritatis
501 2149 794 2208 spopondis⁶
816 2150 952 2211 quod
985 2152 1149 2210 ipsum
1183 2152 1458 2210 prioratum
1493 2151 1557 2198 de
1591 2167 1744 2199 onere
1779 2152 2066 2199 huiusmodi
2099 2154 2300 2212 penitus

258 2213 606 2258 exoneraretis.
655 2212 892 2274 Cumque,
911 2217 964 2259 vt
981 2217 1099 2260 tunc
1117 2215 1416 2274 accepimus,
1436 2215 1662 2261 nonnulli
1684 2215 1970 2262 huiusmodi
1994 2216 2300 2263 creditorum

258 2289 358 2319 non
382 2275 635 2321 solucione
655 2276 937 2322 debitorum
961 2278 1058 2323 eris
1082 2278 1227 2323 huius
1244 2279 1462 2337 grauiter
1484 2280 1536 2324 in
1560 2279 1668 2325 dies
1690 2279 1929 2326 infestant
1953 2280 2144 2326 dictum
2166 2295 2300 2327 nunc

256 2339 487 2396 priorem,
513 2340 655 2384 vobis
689 2340 739 2384 in
774 2340 954 2386 virtute
987 2341 1285 2388 obediencie
1319 2345 1370 2388 et
1402 2343 1496 2388 sub
1519 2357 1650 2402 pena
1673 2344 1875 2389 maioris
1898 2345 2298 2390 excommunica-

257 2402 427 2456 cionis,
474 2417 622 2463 quam
666 2403 716 2447 in
762 2418 1027 2462 personam
1071 2408 1301 2461 vestram,
1341 2406 1382 2451 si
1421 2420 1523 2452 non
1558 2405 1779 2453 feceritis
1814 2406 1952 2468 quod
1988 2407 2297 2465 mandamus,

256 2465 559 2511 intendimus
594 2465 870 2523 fulminare,
896 2467 1104 2514 firmiter
1140 2469 1443 2528 iniungimus
1480 2472 1529 2516 et
1567 2470 1864 2516 mandamus
1899 2472 2131 2532 quatinus
2169 2471 2300 2517 infra

255 2529 396 2573 vnius
420 2530 602 2574 mensis
626 2531 848 2589 spacium
871 2546 900 2576 a
922 2533 1151 2591 tempore
1174 2534 1490 2592 presencium
1513 2534 1802 2580 immediate
1826 2535 2080 2596 sequentis
2102 2534 2299 2594 prefato

256 2606 387 2636 nunc
419 2593 571 2651 priori
608 2593 729 2638 dicti
763 2595 1010 2652 prioratus
1038 2596 1239 2642 nomina
1263 2599 1312 2642 et
1335 2597 1638 2656 cognomina
1660 2597 1969 2657 singulorum
1993 2598 2299 2644 creditorum

255 2654 432 2715 quibus
456 2656 562 2714 ipse
586 2657 831 2714 prioratus
856 2658 920 2704 de
942 2662 1108 2704 vestro
1142 2663 1371 2719 tempore
1403 2660 1653 2719 obligatus
1686 2662 1866 2717 existit,
1891 2676 1988 2707 vna
2021 2676 2136 2707 cum
2168 2663 2299 2708 veris

257 2718 458 2763 summis
483 2719 664 2764 debitis
689 2721 878 2767 eisdem
907 2722 1159 2781 spacifice⁷
1192 2723 1471 2780 declaretis,
1496 2725 1717 2786 ipsisque
1752 2725 2087 2771 creditoribus
2111 2725 2176 2772 de
2199 2725 2297 2772 hiis

256 2794 352 2841 que
386 2782 479 2826 sibi
514 2782 759 2829 debentur
792 2785 1079 2831 satisfacere
1114 2786 1360 2832 studiatis⁸
1392 2788 1582 2849 absque
1617 2803 1769 2834 mora.
1859 2788 2095 2850 Alioquin
2123 2791 2299 2835 contra

253 2858 342 2888 vos
364 2846 599 2905 tanquam
622 2850 796 2893 contra
814 2849 1035 2894 mandati
1060 2849 1345 2896 huiusmodi
1369 2853 1771 2911 contemptorem
1793 2853 2037 2898 canonice
2054 2852 2297 2913 procede-

257 2921 376 2952 mus.
446 2908 511 2953 Et
547 2909 668 2970 quid
706 2910 944 2957 faceritisl
980 2913 1030 2958 in
1066 2914 1321 2972 premissis
1361 2929 1453 2960 nos
1488 2915 1612 2960 citra
1644 2915 1828 2961 festum
1863 2916 2056 2962 Natalis
2091 2916 2295 2963 Domini

255 2971 480 3029 proxime
503 2971 720 3019 futurum
743 2976 991 3022 autentice
1015 2976 1312 3024 certificetis.
1384 2978 1515 3024 Data
1537 2978 1686 3038 apud,
1712 2981 1804 3026 etc.

553 3074 837 3123 MITIGACIO
874 3090 1144 3126 PENSIONIS
1179 3092 1340 3126 FACTE
1376 3092 1703 3128 INCONSULTO
1739 3093 2000 3129 EPISCOPO.

1177 3152 1364 3214 [lbra]

382 3229 676 3287 Willelmus,
697 3232 880 3279 dilecto
899 3235 949 3280 in
969 3235 1168 3282 Christo
1190 3236 1293 3283 filio
1312 3237 1465 3297 priori
1490 3238 1737 3297 prioratus
1756 3238 1821 3284 de
1840 3238 2088 3297 Bredone,
2107 3239 2297 3286 ordinis

257 3292 414 3336 sancti
447 3291 719 3351 Augustini,
757 3300 924 3343 nostre
959 3298 1187 3355 diocesis,
1224 3301 1448 3356 salutem,
1474 3304 1569 3347 etc.
1658 3302 1930 3348 Visitantes
1962 3303 2064 3363 jam
2097 3304 2296 3363 pridem

359 3402 371 3425 1
399 3403 473 3441 Sic.

357 3452 373 3476 ²
401 3454 562 3493 Altered
582 3455 681 3494 from
700 3457 840 3498 diebus.

357 3505 373 3528 ⁸
398 3504 502 3543 Etis
521 3507 660 3545 otiose.

358 3555 374 3578 ⁴
400 3556 464 3594 Sic
482 3571 495 3594 .·
523 3557 582 3595 for
606 3565 775 3608 preeras.

284 3655 294 3692 l
357 3605 383 3693 ⁵1
399 3607 465 3645 Sic
483 3608 580 3696 :bfor
605 3609 740 3648 eodem.
813 3611 940 3651 There
959 3614 992 3652 is
1010 3628 1031 3651 a
1050 3616 1218 3655 careless
1235 3617 1393 3667 change
1411 3627 1451 3656 at
1478 3620 1702 3657 conuem'stis
1729 3619 1829 3658 from
1857 3620 1926 3660 the
1954 3620 2133 3671 singular
2158 3629 2200 3660 to
2227 3622 2296 3661 the

255 3668 279 3704 p
300 3669 367 3693 ura
403 3671 497 3695 num
528 3672 582 3698 er.

356 3707 371 3731 ⁶
397 3709 462 3746 Sic
479 3724 492 3746 .·
521 3710 579 3747 for
605 3712 856 3759 spopondistis.

355 3758 370 3783 7
397 3759 458 3798 Sic
475 3774 489 3796 .·
511 3761 568 3799 for
593 3762 772 3810 specifice.

352 3807 368 3832 ⁸
394 3812 468 3849 Sic.
505 3812 605 3850 This
625 3823 720 3862 type
738 3813 781 3852 of
797 3815 969 3867 spelling
987 3819 1092 3857 often
1113 3831 1251 3860 occurs
1270 3821 1309 3859 in
1330 3821 1546 3863 Alnwick's
1564 3824 1732 3874 register
1749 3837 1758 3861 τ
1779 3823 1829 3865 cf.
1851 3825 2006 3874 exibias,
2026 3838 2063 3877 p.
2086 3825 2141 3863 28
2154 3826 2293 3866 above.

1421 3380 1520 3389 ——n—
1555 3386 1560 3389 .
