2488 4296
297 401 414 457 214
751 380 1237 441 ALNWICK’S
1322 382 1884 444 VISITATIONS

295 539 475 586 habetis
497 541 565 585 ad
587 539 761 585 ibidem
785 540 1085 585 seruiendum
1110 540 1318 586 Domino
1341 540 1399 585 de
1424 540 1556 587 bonis
1577 541 1691 586 dicti
1709 543 1848 588 vestri
1866 543 2140 588 monasterii
2157 542 2339 590 honeste

294 607 335 650 et
356 603 534 663 absque
550 603 756 663 penuria
774 603 945 663 poterit
968 603 1252 659 sustentari,1
1275 604 1420 649 vobis
1442 605 1629 650 abbati²
1652 605 1702 650 in
1740 606 1920 652 virtute
1956 606 2253 652 obediencie
2289 610 2339 653 et

295 667 388 712 sub
427 667 570 726 penis
608 666 938 726 infrascriptis
976 666 1183 712 firmiter
1217 667 1519 726 iniungimus
1555 671 1604 714 et
1639 668 1932 714 mandamus
1968 672 2021 715 vt
2055 684 2169 715 cum
2203 671 2338 716 omni

294 731 550 776 celeritate
588 730 878 786 accomoda,
915 732 966 776 et
1003 729 1069 775 ad
1105 744 1253 776 omne
1303 731 1465 776 minus
1501 731 1647 777 infra⁸
1693 735 1783 778 tres
1830 732 1997 778 annos⁴
2030 733 2256 792 proxime
2289 736 2340 780 et

294 793 582 840 immediate
626 796 903 853 sequentes,
951 808 1211 838 numerum
1265 795 1621 841 canonicorum
1666 796 1748 855 qui
1794 811 1925 842 nunc
1970 799 2034 842 est
2077 812 2229 856 vsque
2272 797 2339 843 ad

295 857 572 903 numerum⁵
593 856 916 916 trigesimam⁶
938 856 1206 915 adaugere⁷
1228 859 1278 903 et
1300 858 1592 904 continuare
1615 859 1810 906 curetiS.

424 921 547 966 Item
572 935 677 965 cum
702 921 753 966 in
777 920 1123 966 elemosinaria
1141 920 1262 966 dicti
1281 922 1569 967 monasterii
1587 922 1816 969 solebant
1834 924 1973 982 pueri
1992 923 2057 969 ad
2077 938 2336 970 numerum

295 983 538 1043 grandem
593 998 655 1030 ex
710 983 832 1030 dicti
888 984 1176 1030 monasterii
1232 983 1516 1030 elemosinis
1569 984 1728 1032 foueri
1784 986 1850 1032 et⁸
1894 987 2086 1044 nutriri,
2133 1002 2336 1047 quorum

296 1047 582 1092 benemeriti⁹
618 1047 841 1093 nonnulli
881 1048 1120 1106 assumpti
1161 1050 1276 1092 sunt
1311 1048 1361 1093 in
1398 1049 1667 1094 canonicos
1703 1049 1928 1095 eiusdem
1963 1051 2251 1096 monasterii
2288 1054 2338 1096 et

294 1114 559 1156 creuerunt
582 1111 632 1155 in
655 1124 833 1170 graues
857 1125 1097 1170 personas
1120 1113 1171 1156 et
1194 1111 1453 1167 notabileS,
1479 1112 1622 1158 vobis
1643 1112 1814 1158 abbati
1838 1113 1931 1158 sub
1966 1113 2157 1160 eisdem
2193 1115 2337 1173 penis

293 1175 595 1234 iniungimus
639 1178 689 1219 et
734 1174 1027 1220 mandamus
1076 1175 1308 1236 quatinus
1352 1176 1400 1220 in
1449 1175 1635 1221 dictam
1681 1176 2078 1222 elemosinariam
2121 1180 2337 1223 vestram

293 1253 476 1297 pueros
512 1237 705 1289 habiles,
742 1238 930 1284 idoneos
964 1240 1006 1283 et
1040 1238 1210 1283 dociles
1245 1237 1310 1283 ad
1346 1253 1606 1284 numerum
1641 1240 1721 1299 xvj
1760 1239 1827 1284 ad
1864 1239 2018 1285 minus
2053 1255 2167 1286 cum
2200 1241 2336 1286 omni

290 1302 546 1348 celeritate
582 1301 807 1361 possibili
831 1301 1021 1363 absque
1044 1316 1304 1347 munerum
1327 1305 1411 1347 aut
1435 1317 1599 1348 rerum
1634 1303 1967 1364 quarumlibet
2001 1304 2149 1349 eciam
2184 1303 2337 1363 gratis

291 1365 568 1411 oblatarum
593 1366 862 1411 exaccione
885 1380 973 1411 seu
995 1364 1168 1411 fauore
1192 1364 1476 1411 inordinato
1495 1367 1695 1426 recipere
1711 1369 1753 1412 et
1775 1366 2058 1412 admittere¹⁰
2073 1368 2256 1414 curetis
2275 1382 2337 1413 ex

293 1429 576 1475 elemosinis
598 1429 754 1488 ipsius
777 1429 1064 1475 monasterii
1088 1430 1223 1474 iuxta
1246 1430 1351 1474 eius
1373 1429 1676 1476 laudabilem
1710 1430 2123 1477 consuetudinem
2146 1433 2334 1477 susten·
2373 1449 2379 1456 ·

291 1492 485 1548 tandos‚
532 1493 615 1552 qui
657 1493 725 1538 act
768 1493 908 1538 atiud
951 1507 1097 1553 quam
1147 1492 1466 1539 erudicionem
1509 1496 1551 1540 et
1595 1493 1867 1554 obsequium
1911 1494 1963 1539 in
2006 1494 2194 1540 ecclesia
2240 1509 2335 1541 non

291 1556 556 1602 intendant.

420 1620 547 1665 Item
569 1634 685 1666 cum
707 1619 758 1665 in
783 1620 962 1665 ceteris
997 1620 1226 1666 scienciis
1263 1619 1516 1666 modicum
1554 1619 1817 1680 proficient
1852 1621 1936 1682 qui
1973 1622 2333 1681 primitiuarum

290 1682 572 1729 rudimenta
610 1698 711 1729 non
755 1687 1027 1743 gustarunt,
1068 1682 1251 1729 vobisss
1273 1684 1443 1730 abbati
1488 1685 1581 1729 sub
1625 1684 1768 1744 penis
1811 1684 2095 1731 huiusmodi
2130 1684 2336 1731 firmiter

290 1747 591 1806 iniungimus
614 1750 664 1793 et
682 1747 976 1792 mandamus
999 1747 1230 1808 quatinus
1249 1762 1362 1793 cum
1380 1747 1527 1793 simili
1545 1748 1918 1795 acceleracione
1941 1749 2006 1795 de
2027 1763 2127 1795 vno
2149 1748 2335 1795 idoneo

290 1812 602 1867 instructore,
626 1810 710 1872 qui
734 1810 952 1856 iuniores
974 1811 1245 1857 canonicos
1280 1814 1474 1857 vestros
1497 1814 1548 1857 et
1570 1825 1752 1871 pueros
1789 1812 2134 1859 elemosinarie
2172 1815 2336 1858 vestre

290 1875 340 1920 in
364 1875 688 1933 grammatica
709 1877 752 1919 et
774 1874 885 1920 aliis
901 1874 1163 1934 primitiuis
1181 1875 1460 1934 sumptibus
1483 1875 1772 1922 monasterii
1795 1877 2006 1922 instruat
2029 1878 2079 1923 et
2100 1875 2337 1922 informet

289 1938 557 1997 prouidere
580 1937 846 1984 nullatinus
870 1937 1126 1984 differatis.
1532 1967 1534 1971 ,

419 2002 546 2047 Item
581 2002 883 2061 iniungimus
905 2001 1048 2048 vobis
1070 2003 1239 2048 abbati
1263 2002 1356 2048 sub
1380 2016 1510 2061 pena
1533 2003 1874 2063 suspensionis
1895 2003 1961 2049 ab
1984 2003 2119 2050 omni
2143 2003 2332 2049 admin-

289 2065 591 2111 istracione¹2
613 2066 664 2111 in
688 2065 834 2111 bonis
856 2066 1194 2125 spiritualibus
1230 2068 1279 2112 et
1301 2066 1660 2125 temporalibus
1695 2067 1982 2113 monasterii
2005 2066 2258 2123 antedicti,
2282 2070 2335 2112 vt

290 2129 513 2189 quolibet
550 2143 683 2175 anno
722 2128 889 2175 futuro
928 2130 1057 2175 inter
1094 2129 1223 2176 festa
1261 2130 1419 2175 sancti
1461 2130 1723 2176 Michaelis
1761 2131 2048 2190 archangeli
2087 2133 2137 2177 et
2175 2131 2333 2176 sancti

292 2193 493 2238 Martini
516 2193 567 2238 in
591 2207 735 2253 yeme
757 2193 807 2238 in
832 2193 985 2239 domo
1003 2193 1295 2253 capitulari¹³
1312 2193 1433 2239 dicti
1452 2193 1752 2250 monasterii,
1770 2208 1940 2248 coram
1957 2197 2064 2240 toto
2082 2197 2334 2241 conuentu

288 2257 366 2303 vel
390 2257 617 2316 personis
639 2256 735 2302 illis
758 2271 881 2318 quas
905 2257 1062 2303 maior
1098 2271 1213 2316 pars
1248 2260 1526 2303 conuentus
1548 2258 1614 2302 ad
1637 2257 1735 2303 hoc
1759 2257 2016 2318 eligendas
2052 2258 2248 2303 duxerit
2282 2260 2332 2303 et

287 2320 627 2379 assignandaS,
663 2320 879 2379 plenum,
905 2320 1107 2380 planum
1131 2323 1182 2367 et
1203 2319 1404 2366 fidelem
1440 2323 1732 2380 compotum
1767 2322 1872 2367 siue
1908 2322 2231 2368 raciocinium
2267 2321 2332 2367 de

287 2383 428 2430 totali
463 2383 903 2430 administracione
939 2384 1152 2430 omnium
1190 2384 1437 2430 bonorum
1470 2383 1770 2442 huiusmodi,
1796 2384 1982 2430 nedum
2014 2385 2211 2431 illorum
2233 2399 2332 2446 que

288 2448 380 2493 sub
414 2448 854 2494 administracione
876 2447 1064 2493 cadunt
1087 2447 1342 2504 cellararii,
1347 2447 1364 2471 ⁶
1384 2447 1475 2494 sed
1498 2449 1657 2494 eciam
1681 2447 1746 2494 de
1769 2447 1946 2494 officiis
1978 2448 2330 2505 subcellararii,

288 2512 505 2566 sacriste,
532 2512 790 2557 camerarii
826 2526 885 2557 ac
921 2511 1141 2571 grangiis
1177 2514 1226 2557 et
1262 2512 1478 2571 receptis
1513 2510 1775 2558 forinsecis
1809 2527 1866 2557 ac
1898 2512 2046 2557 eciam
2070 2511 2332 2571 arreragiis

287 2577 603 2635 compotorum
629 2575 998 2635 precedencium,
1008 2574 1037 2603 ¹⁴
1059 2575 1283 2621 reddatis
1305 2578 1355 2621 et
1377 2575 1522 2626 reddi
1544 2575 1751 2632 faciatiS,
1757 2574 1792 2603 ¹⁵
1812 2577 1881 2621 ita
1903 2576 2039 2638 quod
2063 2574 2331 2622 conuentui

289 2638 353 2685 de
391 2642 522 2684 statu
559 2639 845 2685 monasterii
891 2639 1037 2698 plane
1082 2642 1291 2694 constet,
1337 2641 1379 2684 et
1423 2639 1550 2699 quod
1592 2639 1661 2684 ad
1704 2637 1976 2685 huiusmodi
2019 2643 2246 2700 compotos
2289 2642 2331 2684 et

289 2702 549 2748 raciocina5
570 2703 816 2748 audienda
839 2706 880 2748 et
903 2703 1212 2748 terminanda
1235 2703 1480 2763 deputetur
1503 2717 1620 2748 vnus
1643 2702 1838 2749 auditor
1861 2704 1912 2748 in
1930 2702 2021 2749 hoc
2042 2706 2254 2764 expertus
2289 2705 2331 2748 et

282 2766 473 2826 peritus

419 2831 544 2876 Item
569 2830 869 2889 iniungimus
892 2830 1035 2876 vobis
1057 2830 1241 2885 abbati,
1266 2832 1434 2889 preter
1467 2844 1622 2889 penas
1650 2828 1766 2890 [Fo.
1797 2829 1910 2891 106]
1939 2845 2089 2890 supra
2111 2834 2161 2877 et
2182 2830 2330 2876 infra-

288 2893 499 2952 scriptas
522 2893 614 2939 sub
638 2908 768 2953 pena
790 2892 950 2939 finalis
972 2894 1274 2953 priuacionis
1298 2895 1348 2939 et
1370 2896 1611 2953 perpetue
1646 2894 1922 2940 amocionis
1943 2895 2094 2940 vestri
2117 2910 2145 2940 a
2167 2898 2331 2940 vestra

286 2957 530 3045 dignitate
573 2957 833 3043 abbaciali,
875 2972 937 3003 ne
973 2958 1240 3044 cuiquam
1241 2960 1697 3045 quantumcunque
1741 2957 1952 3004 honeste
1996 2972 2211 3018 persone
2244 2960 2330 3004 aut

390 3066 402 3091 ¹
427 3042 604 3106 Added
595 3081 635 3106 m
655 3068 805 3117 margin
825 3069 865 3105 in
883 3069 1048 3107 another
1067 3068 1187 3107 hand.

388 3118 405 3142 2
430 3120 679 3168 iniungimus
698 3120 913 3158 cancelled.

387 3169 403 3194 ³
429 3170 605 3208 bienium
623 3172 837 3209 cancelled.

387 3222 402 3247 ⁴
426 3231 496 3271 pro
514 3223 713 3261 cancelled
734 3222 774 3260 in
793 3221 1099 3261 interlineation.

387 3274 403 3297 ⁵
429 3280 524 3312 trece
541 3274 754 3312 cancelled.

389 3325 405 3347 ὃ
431 3327 508 3363 Sic.

387 3377 402 3401 ⁷
428 3375 570 3415 curetis
589 3377 805 3415 cancelled.

387 3428 404 3451 ⁸
428 3427 643 3466 sustentari
659 3428 872 3466 cancelled.

386 3479 402 3502 ⁹
427 3482 472 3517 de
488 3478 630 3530 quibus
647 3478 809 3527 cognitis
826 3485 862 3516 et
878 3477 1047 3528 expertis
1065 3492 1195 3516 eorum
1216 3478 1371 3517 metitis
1389 3481 1604 3520 cancelled.

370 3531 401 3554 '⁰
429 3531 643 3569 Interlined
661 3531 786 3570 above
804 3542 1010 3579 aggregare
1029 3531 1244 3569 cancelled.

371 3582 398 3606 ¹¹
425 3595 471 3620 vo
489 3582 704 3621 cancelled.

368 3633 399 3656 ¹²
425 3641 552 3671 vestra
570 3633 778 3671 interlined
796 3633 875 3671 and
890 3633 1104 3670 cancelled.

366 3684 397 3708 ¹²
423 3685 587 3723 Altered
604 3684 704 3723 from
723 3680 958 3734 capitulani.

368 3735 398 3759 ¹⁴
425 3737 567 3775 Added
586 3735 627 3773 in
646 3737 808 3786 margin.

369 3786 399 3811 ¹⁵
423 3795 460 3827 ct
476 3787 690 3826 cancelled.
