2488 4296
335 442 409 501 74
783 422 1272 481 ALNwicK’s
1354 419 1921 478 VISITATmNs

333 597 506 629 manus
529 582 785 636 violentas,
810 579 1044 625 videlicet
1067 580 1117 623 in
1141 578 1346 623 fratrem
1369 575 1667 637 Johannem1
1691 576 2050 638 Shrovesbury,
2074 592 2223 639 quem
2257 593 2371 624 cum

331 645 569 708 quodam2
603 645 782 690 baculo
818 644 998 688 vocato
1033 655 1131 686 vno
1168 640 1301 700 bylle
1335 640 1662 699 impungebat
1692 641 1743 686 in
1774 642 2015 699 pectore;
2051 643 2103 687 et
2133 641 2231 687 alia
2262 643 2372 688 vice

331 712 506 768 postea
549 708 722 753 volens
766 705 984 752 eundern
1028 704 1233 749 fratrem
1277 702 1558 764 Johannem
1602 704 1964 762 repercussisse
2003 719 2117 750 cum
2149 705 2371 766 quodam

332 771 533 818 cultello
557 783 752 828 magno,
778 770 888 828 ipso
924 768 1149 826 fugiente
1172 766 1441 827 quemdam
1470 765 1677 812 fratrem
1715 766 2049 826 Radulphum,
2075 768 2373 814 canonicum

333 835 556 881 eiusdem
594 834 706 888 loci,
747 833 830 893 qui
871 833 989 876 tunc
1031 845 1084 876 se
1123 830 1290 888 posuit
1334 829 1700 885 intermedium,
1742 831 1910 889 sepius
1954 831 2198 890 percussit
2241 831 2374 877 cum⁸

333 898 511 944 eodem
549 896 749 942 cultello
785 898 834 940 et
870 907 1040 939 arcum
1076 894 1334 952 proprium
1371 893 1526 951 ipsius
1561 892 1802 954 Johannis
1841 893 2197 954 Frankeleyne,
2222 908 2373 956 quem

332 961 466 1007 idem
505 958 798 1018 Radulphus
834 957 1041 1015 arripuit
1077 959 1126 1002 et
1162 956 1398 1015 opposuit
1433 955 1499 1000 ad
1536 956 1610 1000 sui
1646 970 1831 1015 corpus
1867 956 2227 1012 defensionem,
2253 971 2370 1003 con-

332 1024 480 1070 scidit
503 1025 552 1068 in
577 1025 756 1081 partes,
783 1035 842 1066 ac
866 1021 1028 1079 ipsum
1064 1018 1384 1078 Radulphum
1407 1019 1624 1077 grauiter
1648 1020 1773 1064 citra
1796 1020 2050 1078 sanguinis
2075 1019 2372 1067 effusionem

331 1086 626 1132 verberauit.
698 1084 841 1130 Idem
878 1084 1037 1129 eciam
1072 1083 1324 1143 Johannes
1364 1081 1707 1142 Frankeleyne
1738 1083 1908 1128 iniecit
1932 1097 2106 1128 manus
2129 1083 2373 1130 violentas

331 1151 383 1195 in
406 1149 609 1194 fratrem
647 1147 962 1202 Nicholaum,
988 1146 1286 1192 canonicum
1323 1144 1446 1190 dicti
1481 1144 1594 1201 loci,
1620 1147 1670 1190 et
1692 1146 1856 1205 ipsum
1891 1159 2062 1205 pugno
2096 1148 2342 1206 percussit
2360 1163 2373 1204 3

334 1215 383 1258 et
418 1212 535 1258 licet
569 1211 727 1257 abbas
763 1210 884 1256 dicti
920 1209 1019 1254 loci
1056 1208 1120 1254 de
1156 1209 1264 1253 istis
1295 1207 1501 1253 offensis
1525 1211 1713 1254 certam
1737 1209 1921 1254 habeat
1944 1210 2195 1265 noticiam,
2221 1209 2374 1256 nichil

332 1278 498 1320 tamen
517 1274 636 1320 facit
653 1274 719 1319 ad
737 1274 892 1333 ipsius
914 1271 1155 1333 Johannis
1182 1271 1524 1331 Frankeleyne
1549 1273 1923 1318 correccionem
1941 1272 2020 1319 vel
2037 1273 2372 1321 amocionem:

332 1338 464 1383 vnde
500 1337 728 1383 canonici
764 1336 983 1395 grauiter
1019 1335 1186 1381 ferunt
1222 1337 1272 1380 et
1308 1336 1485 1394 petunt
1520 1335 1584 1380 eis
1619 1349 1709 1394 per
1750 1334 2008 1382 dominum
2049 1335 2113 1382 de
2147 1337 2373 1383 remedio

332 1401 601 1460 prouideri.

462 1464 578 1525 [Fo.
608 1462 776 1524 112d.]
941 1462 1343 1507 DORCACESTRIE
1382 1462 1777 1508 INIUNCCIONES.

458 1566 753 1621 willelmus,
791 1564 1120 1624 permissione
1157 1563 1328 1609 diuina
1366 1563 1734 1610 Lincolniensis
1771 1564 2054 1623 episcopus,
2092 1565 2290 1612 dilectis
2322 1565 2374 1612 in

333 1630 533 1676 Christo
569 1629 682 1675 filiis
717 1629 887 1674 abbati
913 1630 962 1673 et
994 1628 1265 1673 conuentui
1293 1627 1581 1687 monasterij
1608 1627 1766 1673 nostri
1791 1627 2156 1684 Dorcacestrie,
2181 1628 2374 1675 ordinis

331 1694 488 1739 sancti
525 1692 800 1752 Augustini,
837 1694 1123 1736 nostrorum
1159 1692 1451 1750 patronatus
1490 1692 1539 1736 et
1567 1690 1794 1747 diocesis,
1821 1690 2045 1746 salutem,
2070 1693 2290 1750 graciam
2323 1694 2374 1739 et

334 1756 763 1802 benediccionem.
864 1754 990 1800 Cum
1033 1768 1225 1799 sacram
1270 1753 1566 1813 religionem
1609 1754 1885 1813 plantatam
1929 1754 2093 1800 modis
2138 1755 2372 1802 omnibus

334 1820 506 1866 fouere
531 1819 815 1874 debeamus,
842 1832 1086 1878 nusquam
1109 1816 1207 1863 1100
1232 1817 1408 1862 melius
1431 1817 1722 1878 exequimur
1745 1831 1895 1879 quam
1918 1818 1959 1864 si
1983 1819 2171 1865 nutrire
2194 1833 2254 1865 ea
2275 1833 2374 1882 que

334 1886 469 1929 recta
492 1885 606 1928 sunt
630 1885 679 1928 et
701 1882 953 1940 corrigere
977 1895 1074 1942 que
1097 1880 1381 1940 profectum
1404 1881 1599 1926 virtutis
1622 1880 1906 1940 impediunt
1927 1882 2195 1928 commissa
2227 1882 2375 1928 nobis

335 1946 629 1992 auctoritate
651 1960 894 1991 curemus.
945 1944 1141 1990 Horum
1164 1944 1313 2003 igitur
1336 1943 1762 2002 consideracione,
1787 1946 1901 2002 etc.,
1920 1947 1974 1991 vt
1995 1946 2046 1991 in
2070 1946 2374 1992 monasterio

336 2010 400 2055 de
423 2010 578 2069 pratis
612 2009 911 2069 Leycestrie.
2364 2063 2375 2071 η

463 2073 521 2118 10
557 2073 742 2132 primis,
768 2072 884 2133 quia
919 2071 1196 2130 reperimus
1225 2071 1372 2117 nobis
1396 2070 1650 2117 detectum
1674 2071 1812 2132 quod
1834 2072 1886 2117 in
1910 2071 2047 2118 dicto
2070 2072 2375 2120 monasterio

333 2150 435 2181 non
458 2136 751 2182 obseruatur
773 2135 939 2196 aliqua
962 2137 1099 2181 certa
1122 2134 1247 2180 hora
1270 2133 1507 2193 surgendi
1530 2134 1596 2180 ad
1620 2135 1888 2181 matutinas
1913 2135 1977 2181 de
2000 2137 2164 2192 nocte,
2189 2137 2240 2182 et
2272 2135 2373 2183 hoc

333 2200 449 2260 quia
488 2199 803 2258 horologium
842 2197 979 2260 quod
1018 2212 1193 2243 omnes
1232 2197 1381 2243 horas
1421 2197 1487 2244 de
1526 2198 1609 2244 die
1648 2200 1698 2244 et
1733 2197 1798 2245 de
1834 2201 1983 2245 nocte
2019 2199 2238 2258 signaret
2271 2214 2374 2246 non

334 2265 557 2308 seruatur
592 2263 643 2307 in
680 2263 814 2308 bono
850 2264 994 2318 statu,
1019 2263 1187 2320 preter
1222 2259 1321 2307 hoc
1356 2260 1494 2322 quod
1529 2275 1619 2307 vos
1654 2262 1861 2308 sacrista
1896 2276 2029 2308 nunc
2064 2262 2244 2309 cordas
2275 2262 2375 2308 siue

320 2325 466 2385 funes
505 2325 670 2371 eidem
709 2326 1018 2385 pertinentes
1055 2326 1107 2370 in
1145 2324 1337 2370 alienos
1371 2339 1488 2370 vsus
1526 2326 1691 2371 vestra
1723 2326 2006 2372 temeritate
2042 2326 2372 2383 conuertistis,

333 2392 538 2449 propter
561 2389 698 2450 quod
722 2389 950 2435 canonici
975 2388 1039 2434 de
1062 2388 1200 2434 horis
1222 2388 1430 2434 insuetis
1451 2388 1657 2450 quidam
1680 2389 1913 2448 segniter,
1933 2389 2139 2451 quidam
2162 2389 2307 2436 tarde
2323 2391 2374 2436 et

333 2452 536 2514 quidam
574 2452 853 2498 nullatenus
888 2452 954 2498 ad
990 2451 1140 2497 horas
1176 2452 1444 2497 canonicas
1471 2451 1753 2509 accedunt3
1789 2453 1962 2515 sicque
1985 2453 2109 2499 hore
2133 2453 2374 2501 canonice

333 2530 425 2561 nec
462 2515 526 2561 de
563 2515 645 2561 die
669 2530 763 2561 nec
791 2516 855 2561 de
879 2518 1027 2561 nocte
1051 2514 1207 2560 debito
1231 2513 1449 2574 tempore⁴
1472 2515 1801 2561 decantantur
1824 2519 1876 2562 vt
1899 2516 2145 2563 deberent
2166 2533 2176 2573 ;
2212 2517 2371 2562 iniun-

331 2579 492 2637 gimus
515 2579 662 2638 igitur
685 2579 827 2624 vobis
851 2579 1020 2624 abbati
1044 2581 1093 2624 et
1116 2578 1322 2623 sacriste⁵
1344 2578 1428 2640 qui
1453 2593 1585 2624 0000
1609 2579 1727 2624 estis
1750 2582 1800 2625 et
1823 2580 1908 2641 qui
1931 2583 2075 2626 erunt
2107 2581 2158 2625 in
2191 2579 2372 2637 futuro,

331 2641 548 2701 vobisque
572 2643 810 2688 canonicis
840 2642 1132 2702 presentibus
1154 2645 1195 2686 et
1205 2642 1406 2700 suturis,
1433 2643 1525 2687 sub
1549 2643 1692 2701 penis
1716 2645 2033 2702 contemptus
2058 2645 2107 2689 et
2140 2643 2367 2689 inobedi-

332 2705 505 2760 encie,6
527 2708 579 2750 vt
614 2720 702 2751 vos
739 2706 895 2751 abbas
919 2708 969 2751 et
992 2706 1197 2751 sacrista
1222 2705 1412 2750 dictum
1449 2706 1765 2764 horologium
1795 2709 2142 2766 competenter
2175 2709 2225 2752 et
2259 2721 2372 2752 cum

331 2770 466 2813 omni
503 2768 829 2815 festinacione
867 2768 1092 2828 possibili
1130 2769 1349 2827 reparari
1387 2771 1436 2814 et
1472 2770 1522 2814 in
1547 2772 1730 2815 statum
1753 2770 2030 2828 pristinum,
2056 2770 2124 2815 ita
2146 2772 2199 2815 vt
2222 2769 2373 2815 horas

331 2831 394 2877 de
432 2831 513 2877 die
550 2834 600 2877 et
637 2832 701 2877 de
738 2836 886 2878 nocte
923 2845 1143 2891 congrue
1181 2833 1378 2891 signare
1413 2833 1589 2889 valeat,
1615 2833 1788 2878 reduci
1826 2833 2035 2890 faciatis,
2060 2836 2113 2878 vt
2136 2833 2207 2879 sic
2232 2836 2369 2879 certe

331 2893 454 2939 hore
478 2895 731 2941 obseruari
755 2896 953 2941 valeant
975 2896 1041 2941 ad
1066 2895 1236 2941 diuina
1268 2895 1586 2941 decantanda
1607 2913 1615 2952 ;
1652 2895 1889 2957 quodque
1914 2911 2088 2942 omnes
2112 2897 2162 2942 in
2188 2896 2371 2942 dormi·

329 2958 457 3002 torio
493 2957 804 3004 vniformiter
844 2959 909 3005 de
943 2962 1092 3004 nocte
1133 2959 1401 3019 quiescatis
1446 2961 1495 3004 et
1539 2959 1605 3004 ad
1649 2960 1950 3016 matutinas,⁷
1993 2974 2202 3005 excussa
2235 2960 2372 3005 omni

330 3021 705 3079 sompnolencia
741 3025 791 3068 et
826 3023 1048 3082 pigricia,
1088 3022 1264 3068 saltem
1300 3023 1407 3067 sani
1445 3025 1494 3068 et
1533 3024 1766 3081 potentes
1804 3023 2017 3082 surgatis
2050 3025 2100 3069 et
2133 3023 2372 3069 intersitis

331 3083 554 3129 0150001.Β

459 3147 586 3192 Item
636 3147 729 3192 sub
783 3147 974 3193 eisdem
1029 3149 1173 3207 penis
1227 3148 1531 3207 iniungimus
1585 3148 1729 3194 vobis
1781 3149 2026 3195 vniuersis
2071 3151 2121 3195 et
2165 3149 2371 3209 singulis

331 3210 644 3267 presentibus
689 3213 738 3256 et
781 3210 958 3256 futuris
1002 3214 1054 3257 vt
1093 3211 1229 3257 omni
1270 3211 1352 3257 die
1391 3215 1506 3271 post
1543 3226 1778 3271 vesperas
1821 3213 2101 3258 decantatas
2142 3215 2371 3273 tempore

433 3320 445 3343 ¹
463 3295 736 3368 scancelled.

430 3370 447 3446 Ξ
472 3385 496 3420 q
521 3372 806 3460 cztincellrezdiled

431 3472 447 3495 4
467 3430 848 3511 {Zieerlicrigcieaboxie
875 3475 991 3512 debite
1019 3475 1236 3513 cancelled.

433 3523 447 3546 ⁵
479 3522 695 3561 Interlined
722 3525 846 3562 above
875 3528 1071 3563 cellerario
1096 3527 1312 3564 cancelled.

378 3624 404 3661 Π
433 3574 516 3662 ⁶dac
544 3577 956 3614 excommunicacionis
974 3579 1147 3623 maioris,
1177 3591 1297 3628 quam
1328 3580 1372 3617 in
1400 3581 1623 3629 singulares
1648 3586 1831 3628 personas
1860 3586 2007 3618 vestras
2033 3580 2254 3620 fulminare
2280 3592 2369 3617 can—

329 3637 373 3661 ce
409 3638 428 3662 e
461 3654 469 3663 .

434 3676 447 3702 7
473 3677 612 3726 absque
638 3689 754 3714 causa
780 3677 998 3715 cancelled.

433 3726 449 3749 ⁸
474 3727 555 3764 hiis
582 3729 741 3776 exceptis
758 3730 831 3777 qui
847 3729 978 3778 officiis
999 3731 1257 3768 exterioribus
1277 3732 1546 3781 preficiantur
1561 3739 1598 3770 et
1616 3733 1762 3770 iudicio
1778 3733 1926 3771 abbatis
1943 3739 1980 3770 et
1988 3734 2142 3783 prioris
2159 3733 2207 3771 ab
2224 3732 2363 3770 huius·

331 3779 436 3814 modi
460 3781 697 3816 surreccione
724 3792 772 3816 ex
800 3782 1008 3817 necessario
1037 3781 1195 3818 debeant
1221 3783 1388 3830 [absque
1407 3783 1515 3820 omni
1544 3783 1871 3833 interposicione]
1894 3785 2115 3831 exonerari,
2135 3792 2253 3834 super
2267 3785 2374 3835 quod

329 3829 519 3869 dictorum
539 3830 686 3869 abbatis
701 3835 739 3867 et
755 3836 966 3871 conuentus
976 3831 1128 3885 prioris
1145 3834 1398 3873 consciencias
1413 3835 1636 3876 districcius
1653 3848 1861 3876 oneramus
1878 3834 2089 3876 cancelled.
