2488 4296
253 389 370 441 106
731 379 1219 437 ALNWICK’S
1303 379 1870 437 VISITATIONS

255 542 465 587 farinam
490 539 555 585 ad
579 537 910 592 farinandum‚
935 537 1171 582 braseum
1194 537 1259 583 ad
1283 537 1620 593 brasiandum,
1646 552 1835 594 carnes,
1861 538 2025 597 pisces
2050 539 2105 583 et
2137 539 2305 583 cetera

255 604 487 650 victualia
512 602 793 648 necessaria
812 614 904 660 pro
928 600 1116 645 familia
1140 615 1241 656 sua,
1261 603 1311 646 et
1335 600 1433 646 hoc
1458 601 1843 659 septimanatim.
1892 600 2084 659 Quibus
2107 600 2303 652 auditis,

256 667 391 713 idern
429 665 734 712 reuerendus
773 667 928 723 pater,
954 666 1124 709 amoto
1162 663 1300 710 dicto
1340 663 1567 724 Johanne
1589 678 1618 709 a
1642 663 1777 710 dicta
1799 664 2006 722 capella,
2031 665 2304 709 communi-

257 731 389 776 cauit
412 744 527 775 cum
552 729 700 773 dictis
723 728 962 785 magistro
987 728 1036 771 et
1060 727 1209 772 sociis
1233 741 1381 786 super
1406 727 1691 773 huiusmodi
1727 727 1874 773 dictis
1898 730 1948 773 et
1971 727 2304 786 deposicioni-

256 795 350 839 bus
386 793 585 838 testium
622 790 966 850 predictorum
1002 793 1051 835 et
1088 790 1152 835 de
1177 791 1567 849 excepcionibus
1591 791 1745 849 ipsius
1768 790 2009 851 Johannis
2035 790 2306 837 Redburne

257 860 433 903 contra
470 855 633 901 dictos
669 853 980 899 Willelmum
1023 853 1322 899 Puttenham
1361 856 1410 899 et
1445 853 1725 914 Johannam
1763 855 1867 899 eius
1902 868 2123 906 uxorem.
2152 857 2307 899 testes

258 920 587 979 supradictos⁹
609 921 657 963 et
682 931 855 963 eorum
880 916 1029 974 dicta,
1050 920 1099 962 et
1123 917 1334 978 qualiter
1357 916 1611 978 Johannes
1629 917 1810 963 obtulit
1834 931 1887 962 se
1904 917 1970 962 ad
1993 917 2308 976 purgandum

258 997 311 1029 se
335 997 483 1042 super
519 980 869 1026 subtraccione
902 979 1191 1026 victualium
1225 994 1340 1026 cum
1373 981 1612 1025 ministris
1647 980 1847 1039 collegii
1882 983 1931 1026 et
1965 980 2309 1040 prouisoribus

256 1045 543 1091 victualium
585 1044 648 1090 de
691 1043 1074 1114 Foderynghney‚
1108 1043 1369 1089 declarans
1410 1044 1481 1089 eis
1517 1043 1655 1104 quod
1693 1047 1847 1089 testes
1886 1043 2120 1102 producti
2159 1057 2308 1103 super

258 1108 626 1162 diffamacione
664 1110 760 1163 etc„
799 1106 954 1152 nichil
989 1107 1041 1152 in
1080 1105 1331 1163 effectum,
1368 1107 1592 1165 exceptis
1627 1106 1886 1152 Willelmo
1926 1106 2225 1153 Puttenham
2259 1109 2311 1153 et

257 1172 485 1234 Johanna
507 1185 660 1216 vxore
684 1144 784 1224 sua,
812 1173 987 1215 contra
1017 1184 1156 1230 quos
1181 1173 1233 1214 vt
1266 1170 1583 1228 premittitur,
1608 1170 1852 1216 violenter
1886 1171 1977 1216 est¹
2011 1170 2311 1229 exceptum?

258 1236 597 1295 p1·obaue1unt
622 1237 798 1279 contra
820 1235 984 1292 ipsum
1014 1233 1307 1294 Johannem,
1335 1237 1384 1278 et
1408 1233 1544 1294 quod
1578 1235 1732 1279 testes
1765 1233 1998 1292 producti
2023 1247 2172 1293 super
2195 1234 2307 1279 sub-

255 1300 525 1353 traccione,
552 1301 663 1351 etc.
690 1297 845 1342 nichil
868 1300 1043 1342 contra
1065 1297 1229 1356 ipsum
1252 1296 1532 1358 Johannem
1555 1297 1844 1355 probarunt,
1866 1300 1916 1342 et
1938 1299 2105 1342 tamen
2129 1297 2309 1343 obtulit

258 1377 311 1408 se
352 1362 658 1421 purgacioni.
728 1360 794 1404 Et
830 1361 902 1405 sic
941 1359 1077 1405 idem
1117 1360 1423 1406 reuerendus
1463 1363 1605 1419 pater
1645 1361 1802 1405 mouit
1841 1368 1928 1406 eos
1965 1363 2031 1415 vt,
2075 1360 2310 1406 dimissis⁸

257 1439 466 1471 rancore
490 1424 731 1479 cordium,
757 1438 818 1469 ex
843 1437 942 1484 quo
966 1424 1201 1482 concepit
1226 1424 1394 1469 omnia
1427 1424 1521 1468 ista
1554 1425 1834 1482 prouenire‚
1859 1423 2234 1470 conformarent
2256 1438 2310 1470 se

257 1490 465 1543 caritati,
490 1489 663 1541 amori,
691 1487 958 1532 dileccioni
982 1490 1032 1532 et
1064 1487 1232 1548 quieti.
1303 1487 1370 1531 Et
1407 1486 1593 1532 deinde
1627 1491 1808 1532 vocato
1846 1487 1984 1533 dicto
2023 1487 2308 1544 Redburne‚

258 1552 392 1597 idem
427 1550 734 1597 reuerendus
768 1554 910 1609 pater
944 1550 1188 1596 suadebat
1222 1550 1267 1596 ei
1302 1553 1353 1595 vt
1387 1565 1501 1596 cum
1535 1549 1825 1596 notibiliter‘¹
1853 1549 2097 1611 [habe]at
2119 1566 2149 1596 a
2172 1550 2310 1596 dicto

257 1615 471 1674 collegio
495 1616 695 1668 victum,
722 1615 957 1659 vestitum
980 1617 1030 1659 et
1052 1628 1201 1659 vnam
1225 1613 1563 1659 annuatatem⁴
1595 1613 1661 1659 ad
1694 1614 1963 1659 terminum
1996 1615 2097 1660 vite
2132 1628 2232 1670 sue,
2257 1616 2311 1660 vt

259 1679 495 1724 decetero
527 1678 732 1723 obediat
766 1678 886 1736 ipsis
921 1677 1170 1736 magistris
1204 1678 1304 1722 suis
1338 1678 1388 1722 in
1429 1675 1715 1738 [omnibus]
1745 1680 1894 1737 prout
1917 1677 2079 1734 decet,
2103 1680 2153 1723 et
2175 1677 2311 1739 quod

259 1745 491 1802 precetur
515 1756 601 1787 605
625 1744 676 1785 vt
701 1741 799 1785 sint
823 1741 917 1785 sibi
943 1741 1062 1786 boni
1086 1743 1135 1786 et
1159 1741 1286 1799 grati
1321 1741 1543 1799 magistri
1579 1745 1628 1787 et
1662 1740 1925 1798 amabilis,⁴
1957 1744 2006 1786 et
2041 1742 2171 1801 quod
2203 1741 2312 1801 ipse

259 1807 353 1852 erit
395 1806 465 1850 eis
505 1805 750 1850 obediens
790 1807 840 1849 et
880 1803 1056 1850 fidelis.
1127 1804 1194 1849 Et
1230 1805 1301 1850 sic
1339 1805 1520 1850 iunctis
1558 1805 1789 1850 manibus
1827 1804 2134 1864 singulorum
2172 1804 2309 1850 dicto

263 1868 548 1919 Redburne,
599 1882 774 1914 omnes
808 1867 873 1913 ad
907 1870 1136 1926 rogatum
1172 1867 1292 1913 dicti
1329 1869 1591 1914 reuerendi
1626 1869 1781 1928 patris
1815 1869 2111 1913 remiserunt
2145 1867 2311 1914 eidem

262 1932 534 1978 Redburne
559 1946 759 1976 omnem
785 1931 1065 1976 molestiam
1096 1934 1144 1976 et
1168 1946 1428 1977 rancorem
1454 1946 1513 1977 ac
1548 1932 1734 1987 odium,
1772 1935 1821 1977 et
1855 1932 2191 1990 promiserunt
2214 1932 2310 1976 sibi

260 1997 444 2042 bonam
484 1995 764 2040 amiciciam
804 1995 854 2039 in
895 1995 1128 2040 omnibus
1167 1998 1316 2054 prout
1356 1995 1517 2051 decet,
1560 1996 1599 2040 si
1640 2011 1693 2041 se
1734 1995 1918 2041 habeat
1957 2009 2113 2054 penes
2151 2009 2237 2041 eos
2259 1999 2312 2040 vt

261 2059 483 2105 deberet.
557 2059 623 2103 Et
647 2057 832 2104 deinde
858 2057 1047 2103 ibidem
1072 2072 1242 2103 coram
1268 2058 1405 2104 dicto
1430 2059 1709 2105 reuerendo
1734 2058 1893 2118 patre⁵
1914 2073 1974 2104 ac
1998 2059 2236 2117 magistro
2261 2061 2312 2104 et

259 2123 409 2168 sociis
433 2122 686 2181 predictis,
712 2121 836 2166 idem
861 2121 1142 2167 Redeburne
1175 2123 1356 2167 iurauit
1383 2122 1449 2167 ad
1473 2125 1644 2168 sancta
1670 2123 1764 2168 Dei
1790 2122 2050 2180 euangelia
2072 2136 2163 2181 per
2197 2137 2310 2167 eum

260 2186 586 2245 corporaliter
625 2187 757 2230 tacta
799 2185 936 2246 quod
977 2186 1069 2230 erit
1107 2184 1270 2230 fidelis
1310 2186 1405 2244 ipsi
1446 2185 1659 2244 collegio
1698 2200 1757 2232 ac
1798 2187 2035 2244 magistro
2072 2189 2122 2231 et
2162 2186 2310 2231 sociis

260 2249 498 2303 eiusdem,
525 2252 574 2294 et
597 2248 734 2309 quod
759 2247 996 2294 decetero
1020 2263 1121 2294 non
1147 2247 1429 2294 diffamabit
1463 2249 1653 2295 dictum
1677 2249 1943 2308 collegium
1967 2263 2061 2294 nec
2095 2249 2311 2310 aliquam

260 2313 559 2371 singularem
585 2326 851 2371 personam
877 2311 1103 2357 eiusdem
1127 2312 1217 2367 sed
1241 2312 1368 2371 quod
1391 2326 1564 2358 eorum
1589 2313 1811 2357 omnium
1839 2312 2103 2358 honestam
2126 2311 2312 2357 famam

261 2379 310 2422 et
333 2375 648 2422 honestatem
673 2378 913 2436 quantum
937 2375 987 2420 in
1013 2389 1074 2420 eo
1099 2378 1174 2420 est
1197 2376 1487 2435 procurabit
1511 2379 1560 2421 et
1583 2377 1816 2422 seruabit.
1899 2375 2010 2434 Quo
2034 2376 2312 2421 iuramento

260 2440 332 2484 sic
355 2440 579 2499 prestito,
605 2439 740 2484 idem
764 2438 1070 2484 reuerendus
1094 2442 1237 2498 pater
1260 2439 1453 2484 monuit
1487 2439 1703 2485 eundem
1736 2438 2006 2484 Iohannem
2040 2438 2314 2484 Redburne⁶

259 2503 435 2562 primo,
475 2502 699 2548 secundo
752 2504 801 2547 et
851 2502 1010 2548 tercio
1064 2503 1402 2561 peremptorie
1443 2502 1580 2574 quod
1626 2506 1792 2549 seruet
1837 2502 2123 2548 huiusmodi
2168 2517 2311 2549 suum

259 2567 591 2612 iuramentum
615 2565 708 2610 sub
727 2579 863 2624 pena
886 2565 1210 2625 expulsionis⁷
1232 2568 1474 2625 perpetue
1498 2567 1572 2612 sui
1595 2581 1625 2612 a
1649 2566 1786 2612 dicto
1821 2565 2034 2625 collegio
2069 2568 2119 2612 et
2152 2564 2313 2612 finalis

259 2630 541 2675 amissionis
577 2629 859 2675 annuetatis
896 2643 983 2674 sue
1020 2643 1170 2690 quam
1207 2630 1422 2689 percipit
1459 2629 1523 2676 de
1561 2630 1758 2686 eodem,
1798 2633 1847 2676 et
1883 2630 2042 2676 eciam
2067 2629 2158 2675 sub
2182 2643 2314 2688 pena

261 2693 800 2739 excommunicacionis
836 2693 1038 2739 maioris
1075 2693 1126 2737 in
1163 2707 1432 2752 personam
1467 2708 1606 2739 suam
1641 2695 1682 2739 si
1717 2693 1783 2739 de
1816 2693 2068 2739 contrario
2090 2693 2313 2752 legitime

259 2757 586 2802 conuincatur
627 2755 953 2801 fulminande.
1061 2755 1128 2802 Et
1167 2757 1282 2818 quia
1326 2756 1434 2816 per*3
1478 2757 1831 2828 deposiciones
1874 2757 2222 2818 inquisitorum
2260 2756 2311 2801 in

264 2818 603 2880 [huiusmodi]
647 2834 735 2865 sue
771 2820 1077 2865 visitacionis
1114 2820 1334 2879 negocio
1365 2819 1528 2866 nullos
1565 2820 1628 2866 de
1666 2821 1816 2866 sociis
1851 2819 2076 2866 eiusdem
2113 2820 2311 2879 collegii

259 2885 443 2928 statuta
466 2883 689 2928 eiusdem
713 2884 872 2928 iurata
895 2883 1204 2939 obseruasse‚
1230 2883 1320 2929 sed
1338 2898 1468 2943 pene
1486 2898 1661 2930 omnes
1679 2884 1819 2944 quasi
1838 2898 1951 2930 reos
1965 2883 2074 2929 fore
2092 2884 2313 2929 criminis

259 2947 462 3005 periurii
487 2947 537 2991 in
561 2946 659 2992 hoc
683 2961 801 2991 casu
819 2947 1016 3001 inuenit,
1036 2948 1308 3006 assignauit
1326 2948 1564 3006 magistro
1583 2947 1706 2992 dicti
1724 2947 1922 3006 collegii
1947 2946 2081 2992 diem
2103 2947 2313 2992 Veneris

260 3010 539 3069 proximam
585 3014 699 3068 post
743 3009 926 3055 festum
974 3010 1261 3070 Epiphanie
1308 3011 1511 3056 Domini
1557 3011 1784 3070 proxime
1829 3010 2048 3055 futurum
2103 3011 2154 3054 in
2198 3009 2311 3055 1060

261 3073 520 3132 capitulari
555 3073 676 3118 dicti
712 3073 908 3132 collegii
944 3088 1113 3119 coram
1142 3075 1253 3134 ipso
1276 3077 1361 3119 aut
1384 3075 1727 3120 commissario
1752 3087 1855 3130 suo,
1880 3073 1946 3119 ad
1970 3072 2312 3119 exhibendum

262 3136 398 3181 dicto
423 3137 702 3182 reuerendo
737 3138 865 3196 patri
900 3137 992 3182 sub
1026 3136 1189 3183 forma
1221 3139 1473 3184 autentica
1506 3140 1690 3183 statuta
1723 3137 1845 3182 dicti
1876 3136 2088 3195 collegii,
2113 3151 2311 3182 necnon

260 3198 463 3258 plenum
517 3202 699 3245 statum
753 3200 979 3246 eiusdem
1031 3200 1245 3261 collegii,
1289 3204 1338 3247 et
1383 3201 1448 3247 ad
1494 3200 1850 3246 dimittendum
1895 3214 2051 3260 penes
2091 3199 2310 3246 officium

260 3263 530 3321 registrarii
555 3262 677 3308 dicti
702 3264 966 3309 reuerendi
990 3265 1147 3323 patris
1170 3279 1312 3310 veras
1337 3265 1508 3324 copias
1531 3267 1634 3310 tarn
1658 3264 1907 3310 dictorum
1931 3266 2230 3309 statutorum
2261 3266 2312 3309 et

264 3328 421 3371 status
466 3340 615 3387 quam
663 3327 822 3372 eciam
866 3328 1144 3373 ereccionis
1199 3328 1424 3374 eiusdem
1481 3328 1694 3387 collegii.
1813 3327 1880 3373 Et
1934 3327 2120 3373 deinde
2175 3327 2311 3373 idem

362 3436 373 3459 ¹
402 3442 438 3474 et
463 3437 560 3485 quod
586 3437 801 3475 cancelled.

361 3486 378 3510 2
404 3493 439 3524 et
464 3500 535 3536 quo
559 3487 613 3524 ad
635 3493 743 3524 testes
769 3489 988 3527 cancelled.

361 3537 377 3561 3
402 3540 476 3576 I.e.
505 3538 564 3575 for
589 3538 761 3576 dimisso.

361 3589 377 3612 ⁴
403 3589 481 3628 Sic.

361 3639 376 3663 ⁵
401 3646 439 3677 et
464 3645 535 3677 toto
559 3642 708 3688 collegio
732 3640 950 3679 cancelled.

361 3690 377 3714 ⁶
404 3691 674 3729 Reuerendum
696 3697 848 3740 patrem
875 3693 1092 3731 cancelled.

361 3741 376 3767 7
403 3745 467 3780 sui
492 3741 709 3779 interlined
736 3742 812 3779 and
841 3744 995 3781 erased.

361 3791 377 3816 ⁸
402 3794 641 3845 confessiones
667 3793 882 3835 cancelled.
