2476 4412
299 487 331 545 7
745 461 1230 524 ALNWICK'S
1315 455 1880 517 VISITATIONS

296 644 382 677 eas
403 628 554 675 faciet
576 625 859 686 premuniti,
883 623 1141 681 assignans
1168 620 1238 665 eis
1261 617 1527 664 terminum
1561 613 1847 661 huiusmodi
1880 615 1931 660 in
1965 613 2143 660 eadem
2178 613 2332 660 domo

297 690 553 752 capitulari
589 702 758 736 coram
796 701 850 733 se
888 688 973 732 aut
1011 682 1352 731 commissario
1391 694 1480 725 suo
1519 678 1585 725 ad
1623 677 2003 738 procedendum
2039 679 2090 724 et
2123 676 2334 738 procedi

296 755 498 801 vlterius
530 751 802 799 videndum
836 751 885 795 in
920 749 1056 794 dicto
1090 746 1302 805 negocio
1335 742 1611 790 seeundum
1645 741 1782 803 quod
1817 741 2073 787 canonicis
2099 741 2334 788 conuenit

297 818 545 872 institutiS,
570 814 882 875 presentibus
905 811 1142 870 magistro
1174 808 1402 870 Johanne
1437 807 1667 865 Depyng,
1701 804 1901 851 Thoma
1932 804 2140 865 Thorpe
2172 807 2223 851 et
2255 819 2336 851 me

299 881 547 928 Colstone.
637 877 827 936 Quibus
860 875 941 921 die
976 877 1024 919 et
1057 873 1170 919 loco
1205 871 1428 930 magistri
1462 869 1716 931 Johannes
1751 868 1968 929 Depyng
2001 870 2052 914 et
2083 867 2337 930 Johannes

301 943 479 999 Leeke,
505 943 555 987 in
589 938 873 987 huiusmodi
907 937 1118 996 negocio
1152 934 1217 981 ad
1251 932 1643 994 procedendum,
1669 934 1779 988 ete.‚
1805 934 1855 978 et
1885 931 1951 978 ad
1984 931 2337 993 inquirendum

297 1007 361 1054 de
395 1009 444 1052 et
477 1019 624 1064 super
657 1002 1015 1050 obseruacione
1048 999 1421 1045 iniunccionum
1455 998 1504 1041 et
1537 995 1889 1041 mandatorum
1923 996 2174 1055 priorisse,
2200 1010 2334 1042 com-

298 1068 594 1116 monialibus
618 1069 667 1113 et
690 1065 942 1112 sororibus
965 1064 1086 1110 alias
1109 1061 1379 1108 literatorie
1402 1059 1751 1119 impositorum
1774 1059 2058 1118 specialiter
2079 1073 2334 1105 commun-

297 1134 488 1194 iterque
512 1133 562 1177 et
585 1130 782 1176 diuisim
807 1127 1044 1187 deputati,
1070 1124 1321 1187 quandam
1345 1123 1748 1170 commissionem
1772 1122 1838 1168 ad
1862 1122 1934 1170 sic
1957 1121 2337 1182 procedendum

299 1199 348 1242 et
391 1194 740 1256 inquirendum
789 1206 878 1251 per
923 1205 1003 1236 me
1049 1190 1236 1248 Bugge‚
1284 1187 1574 1234 conuocatis
1619 1189 1668 1233 et
1712 1186 1996 1232 constitutis
2049 1200 2222 1232 coram
2265 1186 2337 1232 eis

297 1258 524 1319 primitus
564 1256 709 1302 dictis
748 1254 983 1314 priorissa
1019 1256 1067 1299 et
1106 1254 1371 1307 conuentu,
1412 1250 1602 1309 perlegi
1641 1249 1868 1296 fecerunt
1898 1267 1907 1305 ς
1964 1264 2063 1311 qua
2100 1248 2335 1309 perlecta,

297 1321 517 1382 prefatus
563 1320 778 1378 Depyng
820 1318 979 1376 ipsam
1024 1315 1440 1370 commissionem,
1489 1313 1665 1359 saltem
1710 1314 1815 1359 eius
1859 1312 2109 1370 effectum,
2146 1313 2337 1359 eisdem

298 1383 592 1431 monialibus
615 1381 815 1441 publice
838 1380 1066 1439 exposuit
1088 1379 1139 1424 in
1161 1378 1364 1436 vulgari.
1417 1377 1528 1436 Quo
1551 1376 1700 1434 facto,
1725 1377 1861 1423 idem
1885 1376 2151 1438 deputatus
2173 1378 2338 1437 primo

299 1451 348 1494 et
371 1450 484 1493 ante
508 1446 674 1492 omnia
696 1445 868 1490 volens
904 1444 968 1489 de
1004 1442 1363 1489 obseruacione
1399 1441 1479 1487 vel
1516 1455 1617 1486 non
1653 1441 2015 1487 obseruacione
2050 1440 2337 1486 huiusmodi

298 1510 666 1557 iniunccionum
689 1508 882 1567 planius
902 1509 951 1552 et
973 1503 1167 1566 plenius
1190 1505 1448 1551 informari
1473 1507 1522 1550 et
1545 1505 1824 1560 cerciorari,
1844 1507 1897 1550 vt
1919 1504 2142 1561 asseruit,
2162 1518 2338 1550 omnes

299 1573 538 1620 moniales
560 1574 726 1632 preter
743 1571 1029 1631 priorissam
1055 1569 1118 1615 de
1138 1569 1289 1614 domo
1309 1568 1568 1628 capitulari
1592 1568 1727 1614 exire
1749 1568 1883 1624 fecit,
1903 1570 1954 1614 et
1976 1569 2027 1614 in
2051 1567 2337 1614 huiusmodi

298 1637 638 1699 inquisicionis
661 1635 871 1694 negocio
895 1633 1176 1693 procedens
1200 1633 1360 1691 ipsam
1383 1632 1672 1691 priorissam
1697 1631 1760 1678 de
1782 1632 1992 1678 veritate
2016 1630 2253 1678 dicenda1
2285 1632 2338 1676 in

298 1702 477 1746 virtute
500 1699 794 1745 obediencie
817 1697 1104 1758 requisitam
1128 1710 1277 1756 super
1299 1695 1531 1741 omnibus
1556 1697 1605 1741 et
1626 1695 1833 1755 singulis
1855 1695 2268 1752 iniunccionibus,
2288 1697 2339 1741 et

299 1779 362 1810 an
402 1762 541 1823 ipsa,²
579 1761 933 1808 commoniales
971 1763 1021 1806 et
1060 1773 1256 1806 sorores
1294 1760 1428 1818 ipsas
1466 1759 1785 1805 inimzcciones
1823 1759 1895 1805 vel
1931 1773 2100 1805 earum
2145 1758 2339 1819 aliquas

299 1826 673 1873 obseruauerint
689 1825 767 1870 vel
791 1839 891 1871 non
909 1824 1282 1870 obseruauerint
1306 1823 1572 1882 diligenter
1595 1823 1910 1868 examinauit.
1970 1823 2078 1882 Que
2096 1822 2336 1882 respond-

300 1882 388 1936 ens
411 1889 536 1935 dixit
558 1888 694 1951 quod
718 1887 999 1934 huiusmodi
1023 1887 1364 1933 iniuncciones
1397 1889 1499 1932 tam
1533 1901 1689 1946 penes
1724 1901 1777 1933 se
1811 1901 1961 1948 quam
1994 1900 2192 1932 sorores
2225 1901 2338 1932 suas

299 1954 349 1999 in
395 1952 577 1999 effectu
620 1955 670 1998 et
713 1966 805 2011 pro
848 1951 1034 1996 viribus
1079 1950 1225 1996 bene⁸
1269 1950 1664 1996 obseruabantur
1701 1953 1751 1996 et
1789 1951 2132 2005 obseruantur,
2170 1952 2339 2009 preter

299 2016 664 2062 iniunccionem
686 2015 820 2060 illam
843 2030 940 2076 qua
962 2016 1157 2060 tenetur
1181 2014 1461 2060 ministrare
1485 2011 1698 2060 soribus⁴
1727 2014 1827 2059 suis
1849 2016 2015 2060 vestes
2037 2013 2340 2059 sufficientes

299 2079 364 2125 ad
387 2079 584 2124 habitus
607 2092 721 2124 suos
742 2096 751 2135 ;
777 2081 826 2124 et
849 2092 947 2139 quo
970 2077 1036 2124 ad
1058 2077 1193 2123 illam
1215 2077 1583 2123 iniunccionem
1607 2092 1709 2123 non
1727 2077 2044 2124 obseruatam
2066 2076 2340 2136 respondet

299 2142 435 2204 quod
459 2157 558 2188 non
581 2144 746 2202 potest
768 2143 1035 2188 obseruare
1072 2155 1183 2187 eam
1219 2145 1426 2201 propter
1461 2143 1808 2201 paupertatem
1845 2144 1896 2187 et
1929 2140 2340 2187 insufficienciam

298 2205 587 2252 facultatum
625 2205 814 2261 domus,
841 2220 936 2267 que
974 2204 1181 2251 multum
1222 2205 1465 2251 diminute
1501 2207 1614 2250 sunt
1650 2207 1857 2264 propter
1893 2204 2147 2251 defectum
2169 2218 2338 2264 super-

299 2270 475 2315 uisoris
498 2269 601 2315 siue
624 2269 869 2330 yconomi.
938 2269 1101 2328 Quare
1125 2269 1277 2328 peciit
1311 2268 1724 2315 beneuolenciam
1749 2271 1799 2315 et
1822 2267 2114 2328 suffragium
2148 2267 2339 2314 domini

297 2335 350 2378 vt
392 2332 556 2378 eidem
601 2332 837 2391 prioratui
884 2331 949 2378 de
993 2332 1278 2379 huiusmodi
1323 2347 1573 2392 yconomo
1619 2333 1725 2378 siue
1769 2332 2105 2392 gubernatore
2159 2332 2341 2377 intuitu

297 2395 515 2441 caritatis
569 2396 834 2454 prouidere
890 2395 1191 2455 dignaretur,
1305 2396 1503 2442 Deinde
1560 2395 1764 2442 domina
1816 2395 2028 2442 Isabella
2083 2396 2337 2453 Standone,

300 2458 547 2518 Margeria
585 2459 801 2519 Kyrkby,
839 2458 980 2520 Julia⁴
1019 2459 1353 2519 Messangere,
1396 2474 1538 2506 soror
1581 2460 1889 2506 Thomasina
1927 2459 2124 2516 Talbot,
2170 2458 2339 2519 Agnes

298 2521 513 2582 Dycher,
538 2536 679 2568 soror
703 2523 986 2580 Margareta
1010 2523 1217 2583 Smythe
1241 2526 1290 2569 et
1326 2523 1486 2569 Elena
1676 2523 1692 2547 ⁵
1725 2538 1875 2583 super
1909 2523 2114 2583 singulis
2147 2523 2337 2570 iniunc-

296 2585 523 2631 cionibus
547 2586 842 2631 examinate⁶
865 2586 1178 2645 singulariter
1200 2589 1250 2633 et
1273 2587 1559 2646 singillatim
1584 2586 1818 2633 dixerunt
1841 2590 1890 2633 et
1923 2587 2146 2649 quelibet
2169 2601 2338 2632 earum

298 2648 423 2693 dixit
445 2649 580 2710 quod
604 2663 776 2695 omnes
800 2649 1083 2695 huiusmodi
1115 2650 1457 2696 iniuncciones
1482 2650 1878 2697 obseruabantur
1901 2654 1951 2697 et
1974 2651 2303 2697 obseruantur
2327 2667 2337 2707 3

296 2714 462 2757 tamen
503 2712 722 2773 quelibet
761 2713 988 2759 monialis
1027 2714 1179 2772 peciit
1219 2714 1313 2759 sibi
1353 2713 1609 2773 prouideri
1651 2714 1716 2761 de
1759 2715 1942 2760 vestitu
1986 2713 2250 2761 sufficienti
2289 2716 2340 2760 et

297 2776 600 2834 competenti
624 2775 689 2821 ad
722 2775 919 2821 habitus
943 2791 1070 2832 suOS,
1095 2780 1179 2822 aut
1201 2777 1323 2823 alias
1346 2777 1484 2839 quod
1517 2778 1875 2824 ministrentur⁷
1897 2778 2103 2824 cuilibet
2135 2777 2340 2824 moniali

297 2838 501 2895 singulis
523 2839 664 2884 annis
687 2853 779 2898 pro
802 2841 982 2885 vestitu
1005 2855 1036 2885 x
1061 2841 1208 2886 solidi
1232 2842 1367 2886 iuxta
1392 2855 1583 2887 morem
1607 2842 1866 2903 antiquum
1892 2841 2084 2888 d'omus.
2148 2841 2340 2900 Quibus

297 2901 526 2946 omnibus
570 2904 619 2947 et
664 2902 868 2961 singulis
913 2903 1210 2949 monialibus
1256 2905 1327 2950 sic
1373 2906 1666 2950 examinatis
1706 2909 1756 2951 et
1795 2907 1845 2951 in
1886 2905 2039 2951 domo
2079 2904 2340 2965 capitulari

297 2966 678 3023 recongregatis,
705 2965 867 3012 dictus
903 2967 1118 3027 Depyng
1152 2967 1252 3014 duo
1276 2969 1566 3027 grauamina
1590 2968 1956 3015 reformacione
1981 2969 2135 3028 digna
2157 2970 2208 3014 in
2231 2969 2338 3030 qui-

297 3026 389 3072 bus
411 3030 512 3072 tam
536 3029 781 3086 prioratus
803 3044 952 3090 quam
983 3031 1224 3077 moniales
1258 3046 1359 3077 non
1394 3031 1649 3078 modicum
1683 3034 1948 3091 paciuntur
1983 3032 2339 3078 detrimentum

299 3104 388 3148 pre
411 3091 587 3136 ceteris
619 3093 831 3138 maxime
856 3093 1200 3150 reformandis,
1225 3097 1277 3140 vt
1310 3095 1533 3151 asseruit,
1558 3096 1886 3155 ponderabat,
1913 3098 2087 3156 vtpote
2111 3095 2340 3142 defectus

298 3155 492 3199 vesture
528 3168 618 3213 pro
656 3154 862 3212 habitu‚⁸
896 3156 1139 3203 lectorum
1175 3162 1443 3218 apparatus
1479 3161 1529 3205 et
1565 3159 1800 3219 yconomi
1838 3160 1945 3205 siue
1985 3159 2261 3216 senescalli,
2287 3159 2338 3205 in

299 3215 475 3275 quibus
499 3218 773 3264 remedium
810 3234 902 3278 pro
938 3220 1021 3265 illa
1055 3222 1164 3267 vice
1199 3222 1390 3284 absque
1426 3223 1681 3268 maturiori
1719 3222 2092 3269 deliberacione
2126 3226 2169 3269 et
2204 3236 2337 3268 com-

298 3279 639 3326 municacione
672 3295 786 3326 cum
819 3282 1024 3329 domino
1057 3299 1314 3343 apponere
1347 3300 1448 3331 non
1481 3286 1693 3343 valebat,
1725 3289 1777 3331 vt
1810 3287 2020 3332 asseruit
2050 3304 2059 3342 ;
2107 3286 2240 3332 vnde
2275 3286 2339 3333 de

299 3355 543 3412 consensu
566 3344 678 3388 dicti
711 3346 931 3404 magistri
965 3346 1204 3407 Johannis
1243 3349 1409 3395 Leeke
1446 3350 1756 3395 continuauit
1791 3350 2135 3396 visitacionem
2172 3349 2338 3395 huius-

302 3404 437 3449 modi
460 3419 510 3449 1n
535 3408 663 3451 statu
685 3421 784 3467 quo
807 3411 925 3454 tunc
949 3413 1055 3455 erat
1077 3426 1231 3472 vsque
1254 3412 1319 3458 ad
1343 3415 1392 3459 et
1415 3413 1466 3458 in
1501 3413 1635 3459 diem
1670 3413 1875 3459 Sabbati
1908 3414 2193 3473 proximum
2225 3416 2340 3473 post

400 3514 413 3538 ¹
439 3516 505 3552 sub
534 3517 748 3556 cancelled.

400 3564 417 3588 ²
442 3572 478 3603 et
502 3568 713 3606 cancelled.

402 3615 419 3691 ἰ
442 3617 689 3704 ιῖςόςενιιαηίιιν
712 3621 926 3660 cancelled.

481 3682 525 3707 16·

401 3717 416 3740 ⁵
445 3718 571 3757 Blank
591 3720 631 3757 in
651 3722 833 3772 original.

400 3766 417 3791 θ
441 3769 533 3807 dixe
559 3772 771 3811 cancelled.

400 3818 416 3843 ⁷
440 3821 515 3859 sibi
530 3827 565 3858 et
582 3823 794 3862 cancelled.

402 3868 418 3893 ⁸
441 3877 480 3909 et
502 3873 718 3914 cancelled.
