2488 4296
332 394 448 462 146
795 385 1282 443 ALNWICK'S
1368 386 1931 445 VISITATIONS
1974 468 1979 471 ἱ

471 545 598 589 Item
622 542 758 602 quod
781 556 956 588 omnes
980 541 1044 588 de
1068 543 1216 588 nocte
1239 541 1304 587 ad
1329 543 1595 588 matutinas
1618 544 1830 602 surgatis
1854 546 1903 589 et
1925 544 2163 589 intersitis
2195 545 2364 590 eisdem

341 608 518 654 saltem
563 607 669 652 sani
713 620 772 651 ac
816 605 1052 662 valenteS‚
1099 620 1160 651 ac
1203 605 1269 651 ad
1313 606 1433 651 alias
1478 606 1628 652 horas
1671 621 1871 653 necnon
1909 620 2142 666 magnam
2181 608 2383 653 missam

342 669 624 725 accedatis}
649 670 884 728 occupatis
915 669 983 714 ad
1016 672 1152 714 extra
1188 670 1410 729 exceptis;
1445 669 1676 729 quodque
1713 671 1763 715 in
1800 670 2092 716 sacerdocio
2127 672 2384 717 constituti

343 736 518 781 missas
541 733 827 792 frequenter
851 732 1115 778 celebretis
1139 735 1188 778 et
1211 732 1496 792 frequenter
1518 732 1872 779 confiteamini.

472 798 600 842 Item
639 795 774 855 quod
811 796 989 841 diebus
1024 795 1271 841 aduentus
1306 797 1505 842 Domini
1540 799 1590 842 et
1628 796 2140 856 quadragesimalibus
2178 811 2237 843 ac
2275 797 2388 843 aliis

342 861 521 921 quibus
544 861 782 906 ieiunium
805 861 881 905 est
904 859 1148 905 indictum
1173 859 1491 905 refectorium
1516 860 1819 912 obseruetis;
1857 861 2037 906 ceteris
2063 874 2184 906 vero
2208 860 2388 906 diebus

345 925 464 970 alibi
488 925 539 969 in
562 938 659 968 vna
682 937 868 979 mensa,
894 923 987 968 nisi
1011 924 1210 982 grauior
1233 937 1449 982 persona
1481 923 1795 979 interfuerit‚2
1826 923 1905 969 vel
1940 923 2117 969 saltem
2139 924 2190 968 in
2213 924 2391 970 eadem

344 988 496 1034 domo
521 986 850 1033 commedatis
873 1004 881 1043 ;
907 989 957 1032 et
980 987 1115 1046 quod
1139 987 1274 1032 omni
1300 987 1382 1033 die
1405 987 1598 1046 gracias
1616 989 1731 1032 ante
1749 987 2016 1046 prandium
2033 987 2084 1032 in
2103 986 2385 1043 refectorio,

343 1055 393 1098 et
416 1053 530 1110 post
554 1050 820 1109 prandium
843 1065 871 1095 a
894 1049 1162 1096 refectorio
1185 1050 1432 1109 psalmum
1457 1050 1698 1096 Miserere
1721 1050 1772 1095 in
1797 1050 2060 1096 ecclesiam
2093 1050 2386 1097 incedentes

342 1113 528 1160 dicatis³
552 1113 827 1159 secundum
852 1113 1090 1172 regulam.

473 1178 600 1223 Item
623 1177 759 1236 quod
783 1177 1043 1222 silencium
1061 1177 1185 1223 locis
1204 1177 1400 1232 debitis,
1420 1179 1594 1237 vtpote
1619 1176 1844 1234 ecclesia,
1869 1177 2101 1232 claustro,
2121 1177 2392 1224 refectorio

344 1244 394 1287 et
418 1241 727 1297 dormitorio,
753 1255 812 1286 ac
846 1241 996 1286 horas
1032 1241 1494 1301 contemplacionis,
1533 1240 1683 1286 studii
1721 1243 1771 1287 et
1805 1241 2044 1287 leccionis
2082 1241 2133 1286 in
2173 1241 2391 1287 claustro

343 1305 541 1351 debitas
565 1303 841 1350 secundum
865 1304 1086 1363 regulam
1110 1305 1402 1357 obseruetis.

473 1369 598 1414 Item
623 1367 758 1427 quod
783 1368 946 1413 nullus
968 1370 1188 1414 vestrum
1223 1371 1365 1427 septa
1398 1367 1680 1414 claustralia
1713 1367 1901 1428 absque
1937 1368 2142 1427 speciali
2182 1367 2393 1414 licencia

343 1432 553 1486 abbatis,
592 1432 773 1491 prioris
808 1431 888 1477 vel
924 1433 1201 1491 supprioris
1237 1434 1323 1478 aut
1360 1432 1564 1477 alterius
1587 1431 1889 1491 presidentis
1913 1446 1975 1478 ex
1997 1446 2146 1478 causa
2170 1431 2392 1490 legitima

344 1496 501 1555 petita
525 1498 574 1541 et
599 1495 807 1541 obtenta
839 1495 1004 1551 exeat,4
1038 1498 1124 1541 aut
1160 1495 1393 1541 mulieres
1429 1495 1635 1555 aliquas⁵
1670 1498 2106 1555 quantumcunque
2142 1494 2392 1552 honestas,

343 1559 440 1605 illis
485 1559 549 1605 de
594 1559 772 1618 quibus
812 1560 918 1604 iura
962 1559 1117 1605 nichil
1162 1560 1278 1605 mali
1323 1560 1564 1618 suspicari
1609 1573 1758 1618 posse
1797 1562 2090 1618 presumunt
2135 1558 2392 1605 dumtaxat

345 1623 583 1682 exceptiS,
609 1622 894 1668 introducat
929 1623 1001 1667 vel
1033 1618 1115 1668 ab⁶
1149 1623 1258 1668 aliis
1294 1622 1607 1668 introductas
1643 1623 1710 1668 ad
1734 1622 2132 1682 familiaritatem
2171 1621 2392 1682 aliquam

344 1687 575 1732 admittat
598 1700 687 1732 seu
710 1686 1114 1732 familiaritatem⁷
1137 1690 1421 1746 suspectam
1446 1701 1561 1733 cum
1586 1687 1658 1732 eis
1681 1687 1866 1732 habeat
1888 1687 1982 1732 sub
2005 1700 2136 1746 pena
2160 1685 2391 1732 custodie

345 1750 607 1796 carceralis
630 1764 720 1809 per
744 1765 896 1795 vnum
921 1765 1145 1796 mensem
1169 1753 1353 1796 extunc
1377 1751 1603 1810 proxime
1637 1753 1943 1810 sequentem.

475 1814 601 1859 Item
626 1813 763 1875 quod
786 1815 970 1860 nouicii
995 1819 1044 1860 et
1068 1815 1273 1860 iuuenes
1308 1814 1543 1860 monachi
1578 1814 1630 1859 in
1666 1814 1930 1874 primitiuis
1965 1813 2208 1871 scienciis,
2233 1826 2392 1872 gram-

345 1878 526 1923 matica
560 1877 951 1936 etOregularibus
985 1878 1221 1923 institutis
1259 1878 1429 1924 debite
1465 1877 1804 1934 instruantur,⁸
1838 1881 1881 1924 et
1915 1878 1983 1923 ad
2016 1877 2205 1923 ordines
2240 1891 2397 1923 sacros

345 1940 629 2001 temporibus
652 1941 870 2001 congruis
891 1941 1151 2001 sumptibus
1176 1942 1449 1987 monasterii
1465 1941 1824 2001 presententur.⁹

469 2005 586 2050 Item
633 2005 759 2065 quod
807 2004 1060 2051 iuniores¹⁰
1112 2006 1391 2051 senioribus
1447 2005 1670 2051 debitam
1724 2005 2065 2051 reuerenciam
2109 2004 2394 2061 exhibeant,

345 2069 566 2114 seniores
589 2067 735 2114 ver01⁰
755 2069 974 2115 iuniores
998 2069 1209 2114 honeste
1232 2071 1554 2128 pertractent.

474 2133 601 2178 Item
645 2133 947 2191 iniungimus
995 2132 1139 2178 vobis
1182 2133 1354 2178 abbati
1398 2135 1448 2178 et
1492 2133 1697 2178 cuilibet
1739 2132 1883 2178 vobis
1927 2132 1978 2177 in
2023 2131 2267 2192 dignitate
2311 2131 2395 2177 illa

343 2196 634 2242 succedenti
657 2198 709 2241 vt
732 2196 938 2255 singulis
961 2196 1104 2242 annis
1126 2197 1255 2242 inter
1278 2196 1407 2242 festa
1429 2198 1588 2242 sancti
1613 2196 1877 2242 Michaelis
1910 2198 1960 2242 et
1994 2196 2152 2243 sancti
2190 2195 2393 2241 Martini

342 2259 545 2319 plenum
565 2262 614 2305 et
629 2258 830 2305 fidelem
849 2262 1140 2319 compotum
1157 2260 1326 2305 totalis
1344 2259 1797 2306 administracionis
1814 2260 1864 2305 in
1883 2259 2029 2305 bonis
2046 2259 2394 2306 communibus

343 2323 463 2368 dicti
504 2324 791 2369 monasterii
830 2323 963 2369 facte
998 2337 1169 2369 coram
1191 2326 1300 2369 toto
1323 2327 1574 2369 conuentu
1598 2325 1648 2369 in
1673 2323 1905 2383 capitulo,
1930 2323 2009 2368 vel
2031 2323 2140 2368 aliis
2163 2323 2390 2382 personis

342 2401 431 2445 per
467 2389 771 2432 conuentum
807 2387 872 2432 ad
908 2387 1007 2432 hoc
1042 2387 1356 2446 assignandis
1390 2387 1604 2434 reddere
1626 2387 1895 2433 teneamini
1930 2389 1980 2433 et
2007 2385 2279 2439 reddatis,¹¹
2302 2386 2394 2431 sub
2467 2380 2472 2384 ’

340 2465 470 2510 pena
494 2451 835 2510 suspensionis
858 2451 996 2496 vestri
1019 2451 1083 2496 ab
1107 2451 1546 2497 administracione
1570 2450 1871 2496 huiusmodi.

471 2515 599 2560 Item
617 2515 918 2574 iniungimus
935 2514 1079 2560 vobis
1097 2515 1266 2560 abbati
1285 2517 1335 2560 et
1356 2514 1562 2561 cuilibet
1584 2515 1860 2560 successori
1883 2515 2050 2560 vestro
2073 2514 2125 2558 in
2148 2512 2392 2572 dignitate

342 2577 533 2633 eadem,
577 2578 669 2623 sub
708 2592 839 2638 pena
877 2579 1181 2638 priuacionis
1218 2581 1267 2624 et
1302 2580 1545 2638 perpetue
1580 2578 1856 2624 amocionis
1891 2591 1921 2622 a
1954 2577 2198 2636 dignitate
2231 2578 2395 2622 vestra

342 2641 603 2698 abbaciali,
629 2656 691 2687 ne
716 2641 952 2688 decetero
976 2642 1207 2703 cuiquam
1230 2643 1512 2702 pensiones,
1537 2641 1784 2697 corrodia,
1808 2641 2042 2687 liberatas
2072 2642 2156 2686 aut
2188 2641 2392 2686 annuet-

300 2730 303 2734 ·
340 2708 446 2751 ates
470 2706 851 2764 imperpetuum,
871 2705 937 2751 ad
961 2709 1151 2751 certum
1175 2708 1373 2765 tempus
1396 2706 1475 2752 vel
1498 2705 1563 2751 ad
1586 2705 1853 2751 terminum
1875 2705 1976 2750 vite
1999 2703 2175 2764 absque
2193 2702 2391 2750 licencia

341 2772 502 2814 nostra
526 2769 597 2814 vel
619 2784 928 2815 successorum
954 2773 1237 2826 nostrorum,
1262 2770 1577 2830 episcoporum
1611 2768 2027 2824 Lincolniensium,
2063 2771 2104 2814 et
2138 2770 2394 2814 conuentus

343 2832 458 2877 dicti
481 2833 756 2878 monasterii
778 2847 999 2879 consensu
1033 2837 1254 2893 expresso,
1289 2833 1623 2895 quouismodo
1659 2835 1744 2878 aut
1778 2833 1974 2894 quesito
2009 2831 2188 2878 colore*
2215 2844 2393 2877 conce-

344 2895 487 2953 datis,
533 2896 761 2942 vendatis
806 2900 890 2942 aut
934 2897 1211 2956 assignetis,
1252 2898 1330 2943 vel
1369 2897 1730 2944 alienacionem
1770 2896 2014 2942 bonorum
2055 2894 2393 2960 communium

343 2959 464 3005 dicti
488 2961 776 3006 monasterii
799 2960 1008 3007 faciatis.

444 3073 456 3095 ¹
485 3073 650 3110 Altered
669 3072 768 3110 from
788 3075 982 3111 accedant.

444 3124 460 3148 2
486 3126 596 3161 omni
613 3124 826 3162 cancelled.

441 3174 456 3197 ³
485 3175 703 3213 Interlined
719 3176 844 3213 above
858 3177 1066 3214 decantetis
1085 3177 1301 3215 cancelled.

442 3226 457 3250 ‘¹
486 3226 702 3264 Interlined
723 3227 849 3265 above
867 3230 976 3265 exire
996 3229 1211 3268 cancelled.

444 3276 458 3299 ⁵
487 3277 532 3314 in
549 3279 653 3314 dicta
669 3284 772 3327 septa
793 3280 1011 3318 cancelled.

443 3328 458 3351 ⁰
487 3329 703 3367 Interlined
722 3330 848 3368 above
864 3343 930 3368 nec
945 3332 1161 3370 cancelled.

443 3378 458 3403 ⁷
484 3381 664 3429 aliquam
683 3382 898 3419 cancelled.

442 3429 457 3453 8
483 3430 543 3468 ita
561 3433 666 3480 quod
678 3433 800 3469 debito
817 3433 958 3470 honore
973 3433 1213 3479 preueniant
1230 3435 1446 3472 cancelled.

443 3480 460 3504 ⁹
485 3483 523 3519 A
542 3482 732 3532 marginal
752 3490 845 3522 note
864 3497 953 3522 now
973 3485 1162 3535 illegible.

429 3532 460 3557 1⁰
484 3546 558 3582 que
577 3535 792 3573 cancelled.

427 3582 457 3606 Π
486 3586 584 3622 Item
605 3586 728 3623 iniun
747 3587 964 3624 cancelled.

441 3674 454 3697 ¹
484 3676 677 3714 Founded
696 3689 802 3725 upon
824 3677 1101 3726 Fressheney’s
1119 3679 1201 3716 first
1219 3680 1297 3717 and
1316 3680 1461 3718 second
1481 3680 1622 3717 detecta
1640 3678 1718 3716 and
1738 3675 1961 3726 Anderby's
1978 3676 2108 3714 fourth
2127 3676 2326 3720 detectum,
2339 3687 2384 3712 as

337 3727 496 3775 regards
514 3728 748 3766 attendance
767 3735 807 3765 at
826 3730 980 3767 matins.
1038 3731 1095 3767 As
1123 3732 1283 3780 regards
1310 3731 1532 3777 collatioris,
1553 3743 1618 3768 see
1647 3731 1680 3766 F
1682 3728 1923 3778 ressheney’s
1948 3729 2023 3766 last
2050 3729 2249 3764 detectum.
2304 3727 2383 3763 For

337 3778 834 3870 {ilgfftrziigssessssizffasses’
856 3792 921 3818 see
940 3780 1163 3830 Anderby's
1181 3783 1355 3836 opening
1369 3785 1520 3820 detecta.
1561 3783 1626 3821 No
1641 3781 1829 3822 evidence
1843 3792 1969 3820 seems
1983 3786 2024 3817 to
2037 3779 2138 3819 have
2151 3779 2252 3817 been
2266 3777 2382 3832 given
