2488 4296
262 362 376 418 103
724 342 1208 401 ALNWICK’S
1291 343 1852 404 VISITATIONS

258 501 512 556 Willelmi,
535 502 629 547 Dei
653 501 820 559 gracia
841 500 1204 546 Lincolniensis
1223 502 1460 561 episcopi,
1483 506 1655 549 contra
1678 502 1957 564 Johannem
1984 504 2299 562 Redeburne,

259 567 624 625 superuisorem
650 564 863 623 hospicii
887 564 993 610 siue
1015 563 1202 611 familie
1226 565 1423 624 collegii
1447 566 1511 612 de
1533 566 1915 628 Foderynghey,
1938 568 2302 616 Lincolniensis

259 629 489 684 diocesiS,
514 643 663 687 super
687 628 1078 686 consumpcione
1102 630 1151 673 et
1174 629 1523 675 subtraccione
1546 631 1832 676 victualium
1855 631 2079 677 eiusdem
2104 632 2302 692 collegii

256 707 347 753 per
386 694 548 751 ipsum
582 691 874 752 Johannem,
899 693 951 736 vt
987 692 1315 750 pretenditur,
1340 692 1487 748 facta,
1513 694 1563 739 in
1599 694 1792 754 capella
1827 694 1973 741 beate
1998 694 2158 742 Marie
2181 696 2302 743 dieti

257 756 470 814 collegii,
506 756 642 814 xxiiij
685 754 768 800 die
809 755 993 799 mensis
1032 754 1354 814 Septembris,
1389 771 1522 803 anno
1564 757 1768 804 Domini
1808 759 2182 820 mccccxxxviij,
2213 774 2303 820 per

255 818 587 865 reuerendum
611 820 805 878 patrem
827 817 1150 874 antedictum,
1177 819 1443 878 collegium
1465 823 1568 866 tam
1594 821 1644 866 in
1678 821 1843 880 capite
1876 816 2025 882 quam
2059 823 2110 868 in
2144 838 2298 870 mem-

259 883 361 928 bris
384 883 488 928 iure
512 896 601 927 suo
625 881 879 927 ordinario
901 882 1159 928 actualiter
1183 883 1481 929 visitantem.

386 945 578 1001 Elena‚²
602 945 738 990 domi
763 945 984 990 seruiens
1007 944 1264 991 familiaris
1286 946 1526 1007 Johannis
1552 947 1823 993 Redburne
1842 947 1906 994 de
1928 947 2297 1012 Foderynghey

258 1024 347 1069 per
369 1010 651 1062 triennium,
672 1008 883 1054 oriunda
905 1009 957 1054 in
979 1022 1134 1068 parua
1157 1009 1400 1069 Styuecle,
1421 1011 1567 1056 etatis
1589 1012 1706 1071 xviij
1732 1026 1976 1057 annorum
2002 1014 2051 1058 et
2072 1013 2298 1073 amplius,

255 1073 412 1119 libere
436 1072 749 1118 condicionis
773 1074 822 1118 et
846 1072 977 1118 bone
1000 1071 1147 1128 fame,
1172 1075 1225 1118 vt
1247 1073 1382 1128 dicit,
1407 1074 1549 1119 testis
1572 1074 1802 1131 admissa,
1827 1075 1986 1121 iurata
2008 1078 2058 1121 et
2091 1075 2298 1136 diligen-

254 1139 331 1183 ter
355 1137 590 1198 requisita
612 1151 675 1182 an
698 1136 807 1195 ipsa
829 1135 1065 1197 unquam²
1083 1137 1365 1196 exportauit
1387 1151 1582 1196 panem,
1608 1139 1884 1194 ceruisiam,
1906 1153 2081 1185 carnes
2104 1140 2297 1197 crudas,

254 1199 407 1246 assas⁸
424 1200 502 1246 vel
526 1202 695 1245 coctas
719 1202 802 1245 aut
819 1200 916 1245 alia
934 1200 1134 1254 cibaria,
1154 1203 1195 1245 et
1211 1201 1456 1260 presertim
1483 1199 1586 1246 heri
1607 1202 1674 1246 aci
1697 1205 1794 1248 octo
1813 1203 1910 1248 dies
1922 1202 1950 1261 j
1975 1202 2095 1248 brest
2117 1208 2300 1250 motone

251 1267 294 1309 et
335 1265 431 1309 tria
471 1264 629 1323 capita
664 1262 889 1324 p[or]cel
896 1261 1105 1323 [lorum]
1147 1265 1198 1308 in
1231 1262 1468 1325 gr[emio]
1514 1265 1586 1310 vel
1624 1264 1775 1326 c[ow]
1785 1264 1882 1311 che⁴
1919 1280 1949 1311 a
1985 1266 2198 1326 collegio
2232 1267 2298 1314 ad

257 1327 463 1373 domurn
487 1327 609 1372 dicti
642 1326 882 1388 Johannis
909 1327 1179 1373 Redburne
1203 1341 1265 1373 ex
1287 1328 1593 1374 liberacione
1616 1329 1770 1387 ipsius
1797 1329 2068 1376 Redburne
2090 1330 2170 1376 vel
2193 1331 2298 1377 eius

253 1390 504 1446 mandato,
530 1390 609 1436 vel
642 1390 845 1452 quando
880 1390 972 1450 ipse
1004 1390 1261 1436 Redburne
1293 1392 1528 1438 manebat
1551 1393 1602 1437 in
1626 1391 2026 1452 Wermyngtone
2048 1393 2126 1439 vel
2161 1398 2296 1454 post-

253 1469 403 1517 quam
427 1455 609 1500 mansit
632 1454 682 1499 in
710 1453 1093 1515 Foderynghey,
1115 1454 1237 1500 dicit
1260 1455 1408 1514 plane
1426 1455 1563 1517 quod
1587 1470 1701 1511 non,
1723 1456 1815 1501 nisi
1841 1456 1940 1502 hoc
1963 1457 2120 1502 solum
2145 1458 2296 1519 quod,

252 1518 456 1580 quando
480 1518 642 1563 dictus
670 1517 941 1564 Redburne
965 1518 1145 1564 mansit
1182 1518 1232 1563 in
1268 1518 1682 1580 Wermyngtone,
1715 1519 1805 1565 ista
1846 1521 1965 1565 testis
1999 1521 2298 1567 multociens

250 1583 387 1628 venit
420 1597 450 1627 a
483 1581 882 1642 Wermyngtone
915 1596 1071 1643 vsque
1109 1582 1440 1643 Foderyngey
1464 1597 1578 1628 cum
1611 1583 1720 1628 ouis
1743 1586 1792 1629 et
1816 1583 2041 1643 pulteriis
2063 1584 2129 1630 ad
2151 1599 2293 1631 vsum

252 1646 464 1705 collegii,
510 1645 770 1692 ambulans
815 1646 865 1690 in
910 1646 1051 1707 aquis
1095 1645 1160 1691 ad
1210 1659 1386 1704 genua,
1432 1647 1740 1708 aliquociens
1784 1646 1849 1693 ad
1894 1650 2046 1703 nates,
2093 1648 2296 1710 quando

251 1709 505 1771 Johannes
537 1723 702 1765 cocus,
728 1709 989 1768 ignorante
1029 1709 1313 1766 Redburne,
1339 1709 1481 1755 dedit
1513 1711 1594 1755 isti
1628 1710 1693 1756 ad
1721 1710 2126 1757 manducandum
2149 1726 2297 1758 vnam

254 1773 531 1819 buccellam
556 1773 716 1818 caruis
740 1773 937 1829 bouine,
957 1773 1197 1819 mutuline
1214 1774 1293 1819 vel
1316 1774 1522 1832 porcine
1546 1774 1686 1829 salse,
1707 1777 1756 1820 et
1780 1774 2045 1821 nullatinus
2067 1771 2133 1821 ad
2156 1790 2297 1821 vsum

254 1837 475 1896 magistri
512 1837 586 1882 sui
625 1836 896 1882 Redburne
931 1839 1015 1882 aut
1053 1838 1219 1882 vxoris
1259 1852 1358 1884 sue.
1451 1837 1518 1883 Et
1557 1837 1679 1884 dicit
1718 1838 1921 1884 vlterius
1957 1838 2093 1900 quod
2129 1840 2296 1899 sepius
2379 1866 2384 1871 ·

252 1900 444 1947 audiuit
469 1900 739 1946 Redburne
763 1899 1033 1959 prohibere
1055 1900 1269 1961 Johanni
1295 1901 1432 1947 Coke
1469 1905 1519 1947 et
1557 1901 1665 1947 aliis
1705 1901 1956 1948 officiariis
1995 1902 2193 1962 collegii
2231 1917 2296 1949 ne

251 1965 416 2026 aliqua
438 1964 670 2010 victualia
692 1963 891 2023 collegii
914 1963 980 2010 ad
1004 1964 1208 2010 domurn
1233 1964 1354 2010 dicti
1381 1965 1651 2011 Redburne
1674 1965 1923 2024 deferrent.
2015 1966 2151 2012 Dicit
2183 1981 2293 2026 pre-

249 2031 388 2074 terea
411 2027 548 2090 quod
581 2028 806 2089 quolibet
830 2027 912 2074 die
935 2028 1075 2073 istius
1099 2028 1352 2089 quindene
1376 2029 1608 2074 dominus
1642 2028 1894 2090 Johannes
1916 2029 2106 2084 Toune,
2131 2030 2296 2077 socius

251 2092 463 2151 collegii,
489 2091 774 2137 sollicitauit
796 2092 941 2136 istam
965 2094 1160 2148 testem,
1186 2092 1483 2151 promittens
1507 2092 1601 2138 sibi
1625 2107 1772 2138 vnam
1796 2107 1979 2138 nouam
2002 2094 2221 2139 tunicam
2245 2096 2295 2140 et

250 2155 350 2202 xld.
370 2154 435 2201 ad
451 2154 686 2201 effectum
701 2158 753 2200 vt
771 2157 964 2201 teneret
979 2169 1092 2200 cum
1111 2170 1172 2202 eo
1187 2159 1236 2202 et
1255 2156 1403 2201 sociis
1422 2157 1521 2201 suis
1539 2157 1606 2202 ad
1616 2155 1962 2216 perhibendum
1980 2157 2291 2203 testimonium

250 2222 426 2265 contra
452 2218 722 2265 Redburne
753 2218 822 2264 in⁵
848 2218 1118 2279 premissis3
1154 2222 1205 2265 et
1238 2219 1375 2280 quod
1407 2220 1642 2278 magister
1674 2220 1957 2266 Willelmus
1990 2220 2290 2280 Appultone,

249 2283 484 2330 audiente
508 2282 714 2328 domino
738 2282 964 2344 Johanne
990 2282 1228 2335 Palmere,
1250 2283 1375 2328 dixit
1393 2283 1474 2328 isti
1491 2284 1606 2329 testi
1624 2284 1774 2345 quod,
1795 2284 1835 2329 si
1858 2284 1966 2343 ipse
1985 2298 2086 2329 non
2103 2283 2290 2338 fuisset,

252 2346 524 2392 Redburne
546 2345 721 2392 fuisset
743 2345 870 2391 ante⁶
891 2346 1030 2391 illum
1055 2346 1179 2391 diem
1203 2347 1253 2392 in
1278 2346 1482 2406 puluere
1506 2361 1609 2393 suo.
1678 2346 1758 2392 Ad
1781 2362 1878 2409 que
1904 2347 2128 2393 Palmere
2151 2347 2291 2404 dixit,

249 2415 258 2432 ⁴
279 2410 344 2456 Et
363 2424 456 2470 ego
474 2410 641 2456 adiuui
661 2409 726 2456 ad
743 2410 897 2455 vitam
916 2424 1054 2455 suam
1075 2409 1399 2456 saluandam.'
1448 2410 1513 2455 Et
1532 2410 1695 2456 dictus
1712 2411 1998 2471 Appeltone
2015 2410 2293 2470 repetendo

248 2474 386 2527 dixit,
409 2474 540 2520 ‘Nisi
560 2486 654 2532 ego
672 2473 890 2526 fuissem,
910 2474 1018 2532 ipse
1041 2476 1157 2519 ante
1175 2472 1270 2519 hec
1287 2474 1462 2520 fuisset
1478 2474 1529 2519 in
1553 2474 1758 2533 puluere
1776 2489 1879 2530 suo,
1900 2476 1950 2520 et
1971 2474 2102 2520 forte
2125 2474 2218 2520 erit
2240 2475 2292 2519 in

247 2537 418 2584 breui.'
489 2538 623 2583 Dicit
645 2539 874 2597 preterea
897 2537 1034 2598 quod
1059 2537 1222 2583 dictus
1246 2537 1478 2584 dominus
1508 2537 1760 2599 Johannes
1783 2538 1978 2583 Tunne⁷
1999 2538 2096 2584 isto
2120 2537 2202 2584 die
2226 2537 2293 2584 et⁸

246 2605 361 2648 octo
399 2601 506 2647 dies
547 2601 672 2647 dixit
710 2602 792 2646 isti
830 2601 959 2655 testi,
1003 2601 1106 2646 ‘Tu
1145 2602 1358 2661 capieris
1396 2616 1426 2647 a
1465 2602 1677 2648 seruioio
1700 2605 1786 2647 tuo
1810 2605 1860 2648 et
1884 2602 1980 2648 eris
2003 2616 2116 2647 cum
2139 2615 2293 2647 vxore

244 2666 548 2726 Wyngraue,
588 2667 638 2710 et
676 2665 745 2710 ibi
783 2665 994 2710 habebis
1033 2679 1183 2710 vnum
1224 2665 1411 2711 bonum
1451 2665 1635 2711 lectum
1673 2666 1722 2711 in
1763 2680 1863 2727 quo
1901 2666 2079 2720 iaceas,
2119 2667 2170 2711 et
2209 2664 2292 2711 die

245 2729 438 2775 Martis⁹
462 2730 558 2775 eris
582 2743 751 2775 coram
775 2729 1017 2788 episcopo
1042 2746 1051 2784 ;
1088 2731 1137 2774 et
1161 2729 1363 2790 quando
1388 2729 1482 2774 ista
1505 2730 1713 2775 materia
1735 2729 1885 2775 fuerit
1907 2728 2046 2774 finita
2080 2728 2292 2775 habebis

242 2808 312 2839 xs.
339 2794 389 2839 in
424 2793 573 2840 bursa
605 2795 690 2838 tua
723 2797 774 2838 et
806 2793 1027 2838 tunicam
1061 2795 1196 2838 tuam
1232 2795 1280 2838 et
1308 2792 1424 2847 xld.,
1452 2795 1501 2838 et
1524 2795 1639 2851 post
1662 2792 1793 2838 hanc
1818 2793 2075 2839 materiam
2098 2791 2290 2838 finitam

242 2857 337 2902 ibis
375 2871 530 2918 vsque
571 2856 927 2902 Stamfordiam
966 2856 1124 2902 libera
1162 2856 1241 2902 vel
1282 2871 1381 2917 quo
1422 2855 1667 2902 volueris!
1737 2856 1804 2902 Et
1838 2856 1960 2902 dicit
1993 2855 2131 2917 quod
2154 2856 2289 2902 idem

244 2920 495 2982 Johannes
534 2920 712 2966 Tunne
751 2921 887 2966 venit
925 2920 990 2965 ad
1027 2934 1138 2965 eam
1176 2919 1257 2965 die
1299 2920 1440 2966 Lune
1478 2920 1578 2965 iam
1614 2920 1785 2965 vltima
1817 2922 1920 2980 post
1955 2919 2198 2965 meridiem
2239 2921 2290 2964 et

241 2984 525 3030 sollicitauit
565 2998 675 3029 eam
711 2983 776 3029 ad
816 2983 1050 3029 standum
1087 2994 1200 3029 cum
1239 2998 1299 3029 eo
1340 2986 1389 3029 et
1423 2984 1572 3029 sociis
1606 2985 1705 3028 suis
1740 2986 1914 3029 contra
1942 2983 2130 3029 dictum
2158 2982 2286 3028 Red-

241 3048 412 3102 burne,
437 3048 661 3093 adiciens
684 3047 820 3109 quod
846 3047 1003 3092 noluit
1026 3061 1118 3106 pro
1142 3062 1208 3092 xx
1230 3048 1411 3093 marcis
1441 3046 1578 3108 quod
1612 3048 1720 3106 ipsa
1741 3047 1792 3092 in
1816 3046 1914 3093 hoc
1939 3047 2010 3092 eis
2034 3045 2283 3092 deficeret.

242 3111 358 3157 Non
383 3114 458 3157 est
481 3111 748 3156 informata
772 3126 853 3156 nec
876 3114 1101 3170 corrupta
1126 3125 1288 3170 prece,
1315 3111 1500 3170 precio,
1526 3110 1659 3166 odio,
1684 3111 1864 3156 timore
1886 3110 1964 3156 vel
1987 3109 2174 3156 fauore.

366 3173 643 3236 Johanna,¹⁰
676 3189 799 3221 vxor
841 3174 1103 3233 Reginaldi
1145 3174 1384 3234 Bulkeley
1425 3174 1488 3220 de
1531 3173 1934 3234 Fotherynghey,
1973 3174 2119 3219 etatis
2163 3173 2284 3234 xliiij

342 3288 355 3311 ¹
384 3287 472 3326 The
491 3270 672 3325 surnarne
692 3287 725 3324 is
744 3299 813 3324 not
832 3288 965 3337 given,
985 3287 1056 3324 but
1075 3286 1141 3325 the
1161 3287 1297 3325 letters
1315 3288 1364 3337 of
1378 3286 1524 3333 follow,
1540 3286 1774 3337 apparently
1792 3273 2007 3324 cancelled.

341 3339 358 3364 ²
383 3345 540 3389 experta
562 3337 777 3377 cancelled.

340 3390 356 3415 ³
424 3393 428 3398 ·
460 3404 468 3413 .

341 3443 356 3468 ⁴
383 3390 790 3491 gge.lg2;n5;stetsssdrv.
813 3439 1009 3490 (camden
1029 3439 1151 3490 Soc.),
1168 3451 1195 3488 1,
1216 3440 1276 3488 96,
1296 3453 1367 3480 s.v.
1389 3439 1573 3479 Cowche.
1611 3439 1690 3477 But
1709 3439 1776 3478 the
1795 3439 1902 3477 word
1922 3439 2015 3477 here
2032 3439 2066 3478 is
2084 3439 2283 3480 doubtful.

340 3495 355 3518 ὅ
381 3494 449 3532 hac
467 3506 579 3531 causa
599 3491 818 3531 cancelled.

340 3544 356 3569 ⁶
383 3545 407 3582 h
434 3543 649 3582 cancelled.

341 3597 356 3623 ⁷
381 3596 440 3634 die
460 3610 483 3645 q
501 3593 716 3633 cancelled.

340 3647 356 3671 8
383 3650 449 3686 Sic
469 3660 478 3684 t
513 3647 571 3684 for
589 3648 653 3684 ad.

338 3699 355 3722 ⁹
381 3705 420 3736 tu
440 3696 662 3736 cancelled.

326 3749 356 3774 ¹⁰
383 3749 558 3799 Reynold
572 3747 786 3786 cancelled.

338 3821 351 3846 ¹
381 3820 502 3861 Little
523 3819 716 3870 Stukeley
735 3818 768 3856 is
787 3817 897 3857 three
916 3818 1028 3857 miles
1049 3818 1168 3859 N.W.
1189 3818 1230 3858 of
1259 3818 1544 3871 Huntingdon,
1564 3830 1660 3857 near
1677 3817 1745 3857 the
1763 3825 1877 3870 great
1895 3817 2027 3857 North
2045 3817 2156 3858 road.
