2488 4296
265 392 386 463 178
699 387 1190 445 ALNWICK'S
1273 385 1860 470 VISITATIONS·

267 546 599 592 ‘Reuerendo
639 546 689 590 in
731 544 962 601 Christo‚'
1005 547 1113 600 etc.‚
1156 543 1223 589 etl
1261 546 1437 602 postea
1475 542 1702 588 exhibuit
1747 541 2004 603 quoddam
2050 543 2312 600 registrum

267 610 459 662 domus,
506 610 557 654 in
602 622 701 669 quo
746 609 875 653 inter
921 611 1088 654 cetera
1133 608 1417 652 continetur
1462 606 1699 651 fundacio
1745 606 2005 664 prioratus.
2116 605 2312 651 Deinde

267 673 494 718 exhibuit
516 672 731 716 litteram
755 671 1141 716 testimonialem
1165 669 1568 715 confirmacionis
1592 669 1862 715 eleccionis
1886 683 1972 713 sue
2007 667 2191 713 factam
2225 683 2315 727 per

268 735 564 781 modernum
608 735 844 780 abbatem
890 734 953 780 de
1001 733 1346 788 Osoluestone,
1395 732 1789 778 commissarium
1834 732 2057 789 magistri
2108 731 2315 777 Roberti

272 799 450 853 Leeke,
475 798 646 844 vicarii
683 797 930 856 generalis
967 797 1158 842 domini
1202 796 1418 851 Ricardi,
1459 795 1823 840 Lincolniensis
1858 795 2097 854 episcopi,
2136 795 2186 839 in
2221 794 2316 840 hac

268 862 409 921 parte
449 861 731 921 specialiter
766 860 1074 920 deputatum,
1117 859 1180 904 de
1225 859 1364 905 cuius
1409 861 1656 918 potestate
1700 859 1751 903 in
1797 858 1945 903 dictis
1988 858 2165 903 litteris
2214 871 2315 903 non

269 928 485 981 cauetur,
512 938 604 970 nec
629 924 855 970 exhibuit
878 923 1286 968 installacionem.
1359 922 1601 967 Exhibuit
1639 922 1798 967 eciam
1834 923 2014 966 statum
2053 921 2232 966 domus
2265 922 2314 966 in

269 1003 368 1049 quo
393 989 528 1033 stetit
553 990 764 1048 quatuor
788 988 930 1032 annis
955 987 1150 1046 elapsis,
1178 986 1268 1031 sed
1293 999 1394 1031 non
1418 986 1556 1031 citra.
1641 985 1820 1030 Postea
1843 984 2070 1029 exhibuit
2093 984 2315 1029 fundaci-

270 1066 417 1097 onem
442 1052 491 1096 in
515 1051 693 1096 litteris
717 1050 1043 1108 originalibus
1067 1049 1306 1108 sigillatis.
1369 1048 1560 1103 Postea,
1587 1049 1745 1093 iurata
1768 1062 1858 1106 per
1882 1062 1995 1092 eum
2018 1047 2317 1093 obediencia

270 1118 522 1170 consueta,
548 1115 684 1173 prior
709 1115 1018 1159 examinatus
1042 1113 1165 1158 dicit
1189 1127 1247 1158 ea
1271 1126 1367 1173 que
1392 1115 1679 1173 sequuntur.

402 1188 575 1233 Frater
614 1186 898 1232 Willelmus
939 1185 1358 1244 Northamptone‚
1401 1185 1550 1244 prior,
1590 1183 1712 1230 dicit
1757 1183 1894 1245 quod
1939 1184 2072 1229 circa
2105 1187 2316 1245 quatuor

271 1265 431 1296 annos
470 1251 668 1310 elapsos
705 1250 960 1296 soluerunt
995 1252 1046 1295 et
1082 1251 1438 1295 concesserunt
1459 1248 1553 1293 tria
1579 1247 1811 1293 corrodia
1834 1262 1931 1308 que
1955 1249 2233 1293 consistunt
2266 1248 2317 1293 in

272 1329 402 1374 pane
427 1317 475 1359 et
500 1315 709 1360 ceruisia
733 1314 1104 1372 septimanatim
1128 1315 1176 1358 et
1201 1313 1250 1357 in
1267 1312 1481 1372 coquina
1506 1311 1694 1367 dietim,
1714 1325 1805 1370 pro
1823 1311 2003 1372 quibus
2022 1314 2318 1370 receperunt

272 1379 387 1437 iiij¹¹
424 1380 473 1423 et
508 1379 572 1437 vij
600 1391 793 1422 marcas
817 1380 865 1422 et
891 1376 1151 1421 dimidiam
1177 1393 1186 1430 ;
1224 1378 1272 1420 et
1296 1375 1461 1420 valent
1485 1375 1535 1419 in
1559 1389 1704 1430 anno,
1731 1379 1781 1419 vt
1804 1374 1978 1431 credit,
2004 1375 2201 1420 circiter
2234 1375 2314 1434 xvj

272 1441 350 1486 vel
373 1442 490 1501 xviij
518 1455 723 1486 marcas.

403 1515 576 1559 Frater
615 1514 867 1575 Johannes
907 1513 1076 1558 Leche
1117 1512 1240 1558 dicit
1275 1513 1412 1573 quod
1450 1515 1524 1558 est
1547 1525 1728 1571 magna
1750 1511 1926 1557 raritas
1949 1512 2317 1567 canonicorum,

274 1579 389 1639 quia
425 1579 475 1622 in
511 1581 739 1636 tempore
776 1591 866 1622 suo
903 1576 1028 1621 vidit
1064 1576 1181 1636 xviij
1221 1577 1492 1622 canonicos
1528 1577 1579 1621 in
1616 1589 1837 1631 numero,
1864 1578 1914 1620 et
1937 1575 2037 1620 iam
2061 1575 2191 1621 sunt²
2225 1575 2318 1620 nisi

274 1642 486 1697 decem;
523 1644 572 1686 et
612 1655 724 1686 cum
764 1642 827 1686 sit
866 1641 915 1684 in
956 1639 1238 1695 infirmaria,
1265 1642 1362 1685 stat
1399 1643 1567 1686 tamen
1603 1640 1654 1684 in
1691 1653 1862 1684 mensa
1902 1653 2015 1684 cum
2055 1639 2220 1698 priore
2255 1638 2320 1684 ad

274 1706 348 1749 sui
384 1705 769 1750 recreacionem.

401 1778 527 1823 Item
566 1777 692 1837 petit
726 1779 779 1822 vt
817 1776 1085 1835 deputetur
1121 1791 1246 1821 vnus
1281 1776 1516 1822 secularis
1540 1776 1605 1822 ad
1629 1774 1949 1822 seruiendum
1983 1776 2238 1821 canonicis
2271 1776 2323 1821 in

274 1839 543 1886 infirmaria
568 1844 617 1887 et
641 1855 727 1886 eos
751 1840 1027 1886 seruandos
1051 1842 1100 1885 et
1125 1839 1498 1886 custodiendos.

406 1905 534 1950 Item
573 1904 695 1950 dicit
740 1903 877 1965 quod
927 1903 1117 1948 dudum
1155 1906 1522 1949 consueuerunt
1567 1903 1795 1949 canonici
1842 1902 2021 1948 domus
2067 1902 2322 1948 celebrare

276 1968 473 2013 annalia
497 1970 546 2013 et
569 1967 875 2013 tricennalia.

408 2041 534 2086 Item
572 2040 695 2086 dicit
739 2040 876 2101 quod
922 2040 1153 2085 mulieres
1198 2039 1386 2086 habent
1431 2040 1636 2085 nimium
1676 2055 1933 2086 accessum
1971 2041 2022 2085 in
2062 2040 2324 2086 ecclesiam

277 2105 633 2150 canonicorum
679 2105 808 2149 intra
853 2103 1145 2159 clausuram,
1184 2106 1233 2148 et
1269 2106 1409 2149 tanto
1448 2104 1800 2163 approximant
1839 2105 1968 2149 ostio
2008 2103 2149 2149 chori
2189 2103 2325 2164 quod

276 2168 507 2213 canonici
532 2182 632 2212 non
657 2170 866 2226 possunt
890 2167 1025 2212 exire
1049 2168 1142 2211 nisi
1167 2167 1487 2226 respiciendo
1510 2167 1665 2212 vltum
1697 2167 1762 2212 ad
1794 2167 1949 2212 vltum
1974 2184 1982 2213 :
2018 2167 2143 2226 petit
2177 2167 2326 2225 igitur

277 2234 328 2276 vt
368 2231 605 2277 decetero
645 2245 745 2276 non
791 2231 976 2276 intrent
1021 2230 1299 2275 clausuram
1345 2230 1493 2287 illam,
1535 2231 1625 2276 sed
1664 2230 1869 2276 audiant
1909 2231 2082 2276 missas
2121 2231 2171 2275 in
2211 2231 2325 2276 naui

277 2294 489 2340 ecclesie
513 2297 652 2339 extra
675 2294 969 2339 clausuram.

408 2368 535 2413 Item
559 2382 673 2413 cum
707 2368 920 2426 ipsemet
956 2367 1018 2412 sit
1055 2368 1404 2426 octogenarius
1427 2370 1477 2412 et
1499 2368 1725 2426 amplius,
1751 2369 1876 2427 petit
1911 2371 1963 2413 vt
1999 2367 2231 2413 dominus
2265 2382 2327 2413 ex

277 2431 445 2490 gracia
482 2431 740 2490 dispenset
768 2445 877 2476 cum
905 2445 967 2476 eo
991 2430 1055 2476 de
1079 2431 1264 2476 ieiunio
1288 2431 1337 2476 in
1362 2430 1629 2487 Aduentu;
1665 2434 1715 2476 et
1752 2431 1984 2476 dominus
2020 2431 2329 2490 dispensauit

276 2498 329 2539 vt
352 2495 550 2553 petitur.

382 2607 393 2630 ¹
422 2608 500 2645 Sic.

380 2657 396 2681 2
422 2661 513 2697 Sic:
542 2671 596 2697 sc.
618 2671 709 2704 non,
731 2670 773 2696 as
792 2658 832 2695 in
852 2671 970 2707 many
990 2658 1102 2696 other
1120 2658 1328 2696 instances.

381 2763 394 2787 ¹
423 2763 488 2800 No
507 2762 728 2810 chartulary
747 2762 792 2799 of
815 2762 955 2799 Laund
973 2762 1170 2800 survives:
1200 2762 1261 2799 for
1292 2762 1448 2800 various
1479 2763 1711 2801 documents
1740 2763 1905 2812 relating
1937 2769 1978 2800 to
2011 2763 2076 2800 the
2109 2763 2238 2812 priory
2264 2776 2328 2801 see

280 2817 369 2854 MS.
404 2814 548 2852 Sloane
579 2821 693 2862 4937.
760 2815 836 2850 For
865 2814 931 2851 the
962 2813 1190 2851 foundation
1225 2826 1289 2851 see
1318 2813 1533 2851 W'sitations
1554 2824 1583 2860 1,
1608 2816 1692 2861 164.
1757 2815 1844 2852 The
1862 2814 2138 2863 confirmatory
2156 2815 2329 2852 charters

274 2866 440 2916 granted
461 2867 511 2914 by
533 2866 670 2913 Henry
691 2874 704 2902 1
725 2877 789 2902 are
809 2865 965 2913 printed
994 2865 1034 2902 in
1056 2866 1290 2902 Monasticon
1311 2875 1355 2903 vl
1379 2864 1448 2915 (ι),
1483 2865 1565 2903 188.
1625 2866 1711 2904 The
1741 2865 1821 2903 first
1850 2866 1893 2903 of
1919 2867 2028 2903 these
2056 2866 2227 2904 charters
2255 2879 2328 2904 can

280 2921 327 2956 be
358 2917 477 2955 dated
509 2916 699 2966 precisely
725 2929 767 2953 as
794 2916 1008 2965 belonging
1027 2924 1068 2954 to
1086 2917 1152 2954 the
1171 2929 1262 2965 year
1286 2926 1396 2964 1123,
1420 2917 1548 2955 which
1567 2930 1657 2966 may
1675 2917 1869 2955 therefore
1888 2918 1937 2954 be
1955 2917 2074 2955 taken
2093 2930 2134 2954 as
2152 2918 2218 2955 the
2237 2931 2328 2966 year
2397 2929 2399 2931 ’

279 2970 324 3007 of
337 2967 583 3006 foundation.

380 3018 397 3041 ²
424 3019 598 3057 William
619 3018 852 3068 Kilpesham
870 3031 877 3054 :
907 3032 972 3056 see
1003 3018 1217 3055 stz'z'ations
1238 3029 1266 3065 1,
1289 3028 1351 3066 92,
1371 3025 1463 3057 note
1483 3029 1517 3067 3.

381 3069 396 3093 ³
423 3070 499 3108 See
528 3069 738 3107 Visitations
761 3079 789 3115 1,
817 3081 875 3113 11,
896 3077 987 3108 note
1011 3080 1044 3115 1,
1065 3071 1142 3107 and
1163 3080 1248 3107 212.

381 3120 397 3143 4
423 3122 510 3158 The
539 3121 790 3159 commission
825 3134 904 3159 was
935 3121 1063 3159 issued
1097 3122 1148 3170 by
1178 3120 1286 3159 Leek
1315 3127 1354 3159 at
1384 3121 1646 3171 Liddington,
1667 3131 1710 3170 31
1730 3122 1836 3171 July‚
1863 3131 1974 3170 1423.
2030 3122 2116 3160 The
2143 3122 2264 3160 abbot
2291 3122 2336 3159 of

282 3174 447 3211 Owston
466 3173 559 3210 held
578 3172 644 3209 the
665 3172 915 3222 preliminary
933 3172 1086 3222 inquiry
1105 3185 1157 3210 on
1181 3183 1195 3210 1
1219 3173 1386 3222 August,
1405 3173 1483 3210 and
1501 3173 1718 3211 confirmed
1738 3173 1804 3211 the
1824 3173 1992 3211 electiori
2019 3179 2058 3212 at
2087 3173 2252 3211 Owston
2279 3187 2330 3211 on

283 3233 302 3272 7
325 3227 477 3273 August
496 3224 613 3272 (Reg.
633 3231 725 3268 Χνι,
747 3223 787 3260 ff.
812 3225 937 3269 mod„
963 3226 1065 3269 101).
1123 3225 1198 3262 See
1229 3223 1441 3260 Visztations
1461 3233 1490 3268 1,
1517 3225 1599 3268 164,

383 3274 398 3298 ⁵
425 3275 523 3311 This
541 3274 780 3333 isspecially
797 3275 932 3319 noted,
954 3276 1119 3313 because
1138 3275 1205 3313 the
1224 3275 1412 3312 omission
1432 3274 1476 3312 of
1498 3277 1593 3313 such
1607 3288 1635 3336 a
1650 3276 1781 3335 clause
1801 3275 2038 3314 constituted
2057 3288 2081 3313 a
2100 3275 2188 3335 tlaw
2207 3276 2246 3313 in
2266 3275 2331 3313 the

281 3325 1419 3427 figgsssseffifflfth?'5321‘1315552{z‘ffih‘ssssgss'f„3532
1443 3327 1705 3416 ἵξιᾶῗιὶῗῗξζ
1734 3326 2223 3428 ῗιῖἐῑίἓςιῖἓὲἷῗῗέἑέἓιῗὲι
2246 3327 2334 3415 ἷὲξ

284 3429 476 3478 probably
495 3427 686 3465 endorsed
708 3428 802 3465 with
821 3441 844 3465 a
863 3435 955 3466 note
975 3429 1181 3478 rectifying
1201 3429 1267 3467 the
1286 3429 1464 3466 mistake.

386 3479 402 3502 ‘³
428 3479 486 3518 Of
511 3485 576 3516 ten
609 3491 769 3525 canons,
804 3480 856 3516 all
892 3485 1031 3529 except
1065 3481 1194 3528 Myles
1224 3479 1303 3516 and
1335 3480 1510 3529 possibly
1543 3480 1674 3539 Leche
1712 3481 1807 3539 bore
1842 3492 2042 3539 surnames
2077 3480 2196 3518 taken
2233 3479 2332 3539 from

285 3532 477 3631 Effifuy
494 3529 1681 3632 ‘isig‘s’fflff-ybyff‘x‘x‘ieffldffhss‘ssfr‘ssssfisst⁵5¹5¹1vgi¹1¹etJ³e¹¹ffi¹ssessrssYa1¹1¹21
1706 3531 2020 3620 ἓξὲἱῗέῗῗὲὶἰ·
2043 3532 2335 3632 αρζῖἰῗὲἓῗοὶὲ

284 3634 329 3670 of
343 3633 409 3670 the
427 3632 558 3690 parish
578 3632 752 3691 qhurch3
780 3633 859 3670 and
885 3633 956 3692 the
984 3639 1063 3670 two
1091 3634 1406 3682 Northamptons
1435 3633 1641 3693 obviously
1673 3646 1782 3671 came
1812 3633 1911 3671 from
1942 3635 2009 3671 the
2037 3640 2328 3692 same-county.

287 3684 497 3721 Holbeach
529 3696 561 3720 1s
592 3695 632 3720 1n
667 3684 952 3728 Lincolnshire,
975 3685 1094 3722 Yarm
1127 3685 1305 3732 (Varum)
1326 3685 1403 3721 and
1426 3685 1708 3734 Brantingham
1732 3685 2056 3734 (Brentyngham)
2075 3697 2140 3721 are
2158 3697 2198 3721 m
2217 3685 2332 3721 north

285 3736 361 3772 and
382 3735 496 3772 south
515 3734 729 3772 Yorkshire
749 3735 1016 3784 respectively.
1073 3736 1202 3773 Leche
1222 3748 1311 3784 may
1326 3737 1439 3774 stand
1461 3736 1518 3773 for
1539 3736 1662 3782 Leek,
1686 3736 1830 3780 Leake,
1851 3749 1894 3774 or
1915 3736 2046 3775 Leach
2063 3748 2071 3771 ε
2093 3737 2159 3773 the
2174 3735 2334 3775 definite

285 3785 441 3834 locality
462 3791 604 3822 cannot
623 3786 672 3822 be
690 3785 903 3827 identified.

2484 1213 2488 1233 .-
2463 1167 2488 1186 ,Ἀ
2472 195 2488 1140 42„-A..x..aex„,m..mae.—M7m.fflmflnaram-ua...
2462 0 2488 174 m-rmfflmssffl
