2488 4296
268 415 341 473 77
716 395 1206 455 ALNWICK'S
1289 393 1854 470 VISITATIoNs

264 551 580 612 presentibus
619 552 669 596 et
706 549 884 594 futuris
923 548 1016 593 sub
1054 562 1183 607 pena
1229 546 1645 593 incarceracionis
1689 558 1782 605 per
1823 546 2146 593 medietatem
2189 547 2307 593 anni

263 616 502 677 quociens
525 613 702 674 aliquis
725 614 944 657 vestrum
967 612 1017 655 in
1042 611 1138 655 hiis
1162 610 1428 671 deliquerit
1451 609 1724 655 inmediate
1747 611 2015 671 sequentis,
2035 625 2098 656 ne
2117 625 2304 667 cruces,

264 679 457 733 calices,
478 677 645 731 libros,
665 675 973 730 vestimenta,
994 674 1172 719 iocalia
1195 674 1298 719 siue
1322 674 1419 718 alia
1441 673 1765 731 implementa
1782 687 2081 734 quocunque
2104 675 2306 719 nomine

264 743 558 787 censeantur
582 738 884 783 monasterio
903 740 986 782 aut
1005 737 1109 782 eius
1127 736 1274 781 alicui
1292 736 1458 782 officio
1476 735 1762 794 particulari
1785 735 2114 795 pertinencial
2131 736 2308 796 absque

265 802 557 850 conuentus²ss
592 815 838 847 consensu
877 799 1211 861 quouismodo
1250 799 1612 858 impignoretiS,
1652 798 1881 844 vendatis
1920 798 1999 845 vel
2036 799 2304 857 alienetis;

263 866 500 928 quodque
535 866 634 910 iam
669 864 1002 922 impignorata
1038 863 1342 908 monasterio
1378 861 1629 907 reducatis
1664 861 1977 923 alienataque
2017 866 2067 908 et
2103 862 2308 909 vendita

264 930 428 976 eidem
452 928 755 973 monasterio
788 927 988 985 penitus
1011 926 1280 971 restituatis
1303 924 1433 970 infra
1454 939 1607 971 vnum
1629 939 1815 970 annum
1837 940 1866 971 a
1889 926 1972 972 die
1995 926 2308 985 recepcionis

262 992 576 1053 presencium
599 989 870 1035 inmediate
894 992 1201 1050 sequentem.

393 1056 518 1100 Item
553 1068 666 1099 cum
697 1053 973 1098 secundum
1005 1053 1267 1098 veritatem
1301 1051 1643 1110 euangelicam
1676 1054 1864 1113 quanto
1897 1054 2126 1112 tempore
2159 1051 2307 1098 heres

262 1118 496 1178 paruulus
529 1120 605 1162 est
638 1116 793 1162 nichil
827 1115 997 1161 differt
1029 1131 1058 1161 a
1091 1130 1238 1161 seruo
1273 1129 1388 1160 cum
1421 1116 1484 1160 sit
1518 1114 1752 1161 dominus
1785 1115 2042 1172 omnium,³
2061 1115 2304 1172 volumus,

262 1182 550 1228 ordinamus
589 1183 639 1225 et
677 1180 980 1237 iniungimus
1019 1179 1112 1224 sub
1151 1179 1294 1238 penis
1334 1193 1484 1237 supra
1517 1181 1567 1223 et
1600 1178 1932 1238 infrascriptis
1964 1182 2017 1224 vt
2049 1179 2307 1225 canonicis

262 1245 525 1290 iuuenibus
547 1244 597 1288 in
622 1242 915 1288 sacerdocio
939 1241 1149 1287 minime⁴
1171 1242 1454 1288 constitutis
1477 1242 1601 1287 certi
1623 1242 1705 1302 alij
1731 1243 2026 1288 maturiores
2049 1245 2099 1288 et
2122 1242 2306 1288 discre-

262 1308 422 1354 ciores
446 1306 674 1352 canonici
697 1306 1011 1364 assignentur
1034 1308 1085 1351 et
1117 1305 1420 1364 deputentur
1453 1307 1722 1362 curatores,
1747 1306 1832 1366 qui
1866 1305 2047 1366 peculij
2083 1306 2306 1365 ipsorum

261 1372 495 1416 iuuenum
517 1383 674 1430 vsque
698 1368 817 1414 dum
850 1368 916 1414 ad
951 1368 1297 1414 sacerdocium
1331 1371 1720 1427 promoueantur
1755 1371 1805 1414 et
1837 1383 1939 1415 non
1972 1369 2069 1428 ipsi
2101 1370 2308 1415 iuuenes

263 1434 481 1479 habeant
503 1432 783 1478 custodiam
807 1435 856 1478 et
890 1432 1282 1491 disposicionem
1315 1435 1367 1477 et
1398 1432 1520 1490 ipsis
1553 1432 1818 1477 iuuenibus
1849 1432 1918 1477 in⁵
1951 1432 2048 1478 hiis
2080 1446 2178 1494 que
2212 1431 2308 1478 sibi

262 1497 540 1543 necessaria
558 1498 671 1541 sunt
695 1495 865 1541 debite
887 1495 1252 1552 administrent,
1272 1495 1337 1541 de
1355 1495 1797 1541 administracione
1819 1510 1907 1541 sua
1930 1509 2100 1542 coram
2122 1494 2305 1542 abbate

260 1561 514 1606 racionem
537 1558 815 1605 reddituri.⁶
1020 1553 1026 1561 ’

390 1624 517 1668 Item
540 1623 842 1681 iniungimus
865 1622 1010 1668 vobis
1031 1621 1202 1667 abbati
1226 1623 1277 1667 et
1310 1621 1515 1668 cuilibet
1538 1624 1706 1668 vestro
1729 1623 2005 1669 successori
2040 1621 2091 1668 in
2122 1621 2305 1668 virtute

260 1686 557 1733 obediencie
586 1689 635 1731 et
668 1686 760 1731 sub
794 1700 925 1745 pena
944 1688 1277 1744 ‘bontemptus
1310 1700 1370 1732 ac
1401 1685 1942 1732 excommunicacionis
1974 1684 2308 1746 inst-ascriple,'¹

258 1753 312 1796 vt
350 1749 505 1796 semel
543 1749 680 1795 omni
719 1750 1011 1808 septimana,
1050 1749 1091 1794 si
1127 1749 1178 1793 in
1215 1749 1519 1795 monasterio
1555 1751 1814 1808 presentes
1849 1749 2043 1795 fueritis
2077 1751 2128 1795 et
2161 1748 2306 1795 vobis

261 1812 526 1860 commode
541 1813 806 1868 vacauerit,
823 1812 1053 1872 capitulis
1071 1812 1387 1858 celebrandis
1398 1812 1714 1872 personaliter
1727 1813 1966 1858 intersitis
1982 1828 2043 1859 ac
2057 1827 2304 1868 excessus,

261 1877 470 1923 crimina
489 1879 538 1922 et
562 1876 789 1922 detectus
807 1877 1163 1922 canonicorum
1183 1875 1589 1937 delinquencium
1606 1876 1772 1922 taliter
1790 1876 2064 1922 secundum
2083 1875 2306 1935 regulam

261 1943 468 1999 paterna
505 1939 903 1985 mansuetudine⁸
938 1939 1200 1997 corrigatis
1235 1942 1287 1985 vt
1323 1954 1423 1985 non
1459 1940 1731 1999 impunitas
1769 1940 1860 1986 sed
1898 1955 2030 1999 pena
2073 1939 2306 1985 omnibus

262 2006 459 2049 maneat
481 2003 532 2048 in
557 2003 1282 2062 exemplum,⁹frequenciusque
1304 2002 1500 2049 chorum
1520 2003 1803 2063 temporibus
1827 2002 2090 2049 Ῐιονονιιηιιο
2110 2003 2304 2048 canoni-

259 2082 429 2112 carum
451 2067 701 2111 exerceatis
721 2069 763 2111 et
786 2067 837 2112 in
860 2066 1141 2112 dormitorio
1172 2066 1229 2111 de
1263 2070 1392 2112 nocte
1426 2065 1710 2126 quiescatisn
1734 2066 2074 2127 diligenterque
2093 2066 2304 2126 superin-

261 2130 463 2175 tendatis
496 2133 541 2175 vt
561 2130 747 2188 fratres
780 2129 918 2175 vestri
952 2129 1033 2175 hec
1066 2132 1228 2175 nostra
1261 2129 1580 2175 iniuncciones
1611 2132 1654 2175 et
1689 2131 1924 2175 mandata
1957 2129 2307 2176 inuiolabiliter

261 2194 517 2250 observent,
545 2194 778 2252 talemque
800 2208 888 2239 vos
921 2193 973 2238 in
1005 2196 1170 2238 vestra
1201 2193 1590 2239 conuersacione
1622 2193 1759 2253 apud
1795 2194 1959 2239 Deum
1993 2197 2043 2240 et
2075 2194 2306 2240 homines

262 2258 487 2303 habeatis
522 2259 575 2303 vt
611 2257 841 2316 exemplo
877 2258 977 2302 vite
1014 2256 1225 2303 honeste
1262 2259 1312 2303 et
1347 2257 1505 2303 odore
1539 2257 1672 2303 bone
1704 2257 1838 2303 fame
1861 2257 2090 2303 subditos
2112 2260 2307 2303 vestros

260 2321 449 2382 absque
471 2320 862 2380 reprehensione
887 2320 979 2365 sub
997 2321 1196 2366 tramite
1213 2335 1336 2380 pure
1355 2320 1610 2379 religionis
1628 2335 1829 2367 seruare
1846 2321 2049 2380 possitis
2066 2324 2108 2366 et
2118 2320 2302 2380 fouere.

388 2384 542 2429 Vobis
580 2385 783 2443 insuper
818 2384 1003 2440 abbati,
1045 2387 1154 2439 eto,
1194 2387 1248 2429 vt
1286 2384 1337 2429 in
1376 2384 1778 2430 iniunccionibus
1822 2385 2109 2445 monasterij
2158 2384 2306 2431 beate

262 2447 420 2493 Marie
445 2447 509 2492 de
532 2448 687 2506 pratis
713 2447 1000 2507 Leycestrie
1022 2461 1178 2508 vsque
1201 2447 1253 2492 in
1274 2446 1438 2493 finem.

389 2511 455 2556 Et
477 2511 593 2572 quia
616 2510 802 2556 nedum
825 2525 915 2570 per
937 2511 1320 2572 inquisicionem
1343 2514 1564 2556 nostram
1595 2511 1989 2571 preparatoriam
2013 2526 2163 2573 quam
2185 2513 2304 2557 tunc

258 2573 480 2630 fecimus,
501 2573 591 2620 sed
615 2575 774 2620 eciam
795 2575 905 2619 visu
928 2574 1115 2620 oculari
1138 2575 1415 2633 reperimus
1433 2575 1693 2621 euidenter
1715 2574 1854 2636 quod
1877 2575 2068 2621 dictum
2084 2577 2304 2621 vestrum
2369 2612 2371 2614 .

261 2638 616 2683 monasterium
650 2652 739 2696 per
773 2637 1111 2697 improuidum
1144 2638 1367 2696 regimen
1401 2638 1717 2699 quorundam
1744 2639 2115 2697 presidencium
2137 2638 2304 2684 eidem

265 2700 382 2746 adeo
407 2715 490 2746 ere
514 2700 716 2746 alieno¹²
738 2701 980 2762 ruinaque
1005 2701 1269 2746 domorum
1295 2704 1344 2747 et
1378 2700 1690 2747 edificiorum
1724 2702 1846 2747 dicti
1878 2702 2166 2762 monasterij
2202 2704 2305 2747 tam

260 2763 464 2809 interius
488 2779 635 2825 quam
660 2765 875 2810 exterius
898 2764 1238 2823 multipliciter
1262 2767 1336 2810 est
1361 2764 1667 2824 depressum,
1693 2765 1831 2827 quod
1854 2766 2056 2812 attentis
2080 2779 2232 2811 onere
2255 2767 2306 2811 et

260 2827 400 2872 ruina
424 2827 708 2872 huiusmodi
734 2828 797 2873 de
821 2828 1074 2873 verisimili
1098 2828 1273 2873 tendet
1299 2827 1365 2873 ad
1401 2843 1502 2873 non
1536 2843 1658 2883 esse,
1684 2831 1952 2888 propterea
1987 2829 2052 2875 de
2084 2831 2305 2875 vestrum

260 2891 481 2935 omnium
506 2905 765 2946 consensu,
785 2906 991 2937 assensu
1014 2894 1064 2937 et
1086 2891 1338 2950 peticione
1362 2893 1610 2951 expressis
1634 2893 1937 2949 ordinamus,
1958 2892 2305 2939 constituimus

221 2969 225 2971 ’
260 2956 309 2997 et
343 2953 639 3012 deputamus
663 2954 973 3000 Willelmum
1009 2955 1305 3014 Marmyone
1327 2955 1784 3001 administratorem
1806 2957 2158 3016 temporalium
2181 2955 2304 3001 dicti

261 3018 561 3076 monasterij,
603 3018 686 3078 qui
731 3018 899 3063 omnia
943 3018 1211 3064 commoda
1255 3018 1541 3064 huiusmodi
1585 3020 1935 3079 temporalium
1991 3019 2201 3078 recipiat
2254 3021 2306 3065 et

360 3127 377 3201 ὲ
399 3129 537 3177 absque
556 3131 762 3216 nosltlnuvel
774 3140 1029 3168 successorum
1044 3138 1268 3169 nostrorum
1282 3133 1541 3182 episcoporum
1557 3133 1897 3172 Lincolniensium
1913 3134 2074 3173 licencia
2087 3132 2304 3171 cancelled.

402 3191 471 3227 que
495 3191 612 3215 cance
649 3192 668 3216 e
703 3206 713 3218 .

361 3229 377 3252 ⁸
407 3230 614 3267 Galatiam
633 3238 692 3275 IV,
715 3241 747 3268 1.

361 3280 377 3303 ⁴
404 3279 619 3317 Interlined
638 3282 764 3320 above
783 3295 855 3320 non
873 3283 1091 3322 cancelled.

361 3330 376 3354 ⁵
401 3343 470 3366 sua
488 3331 700 3371 cancelled.

360 3381 376 3405 θ
404 3381 451 3418 H
466 3382 681 3421 cancelled.

358 3432 373 3457 ⁷
402 3431 622 3470 Interlined
641 3435 767 3472 above
785 3437 974 3475 antedicte
990 3438 1207 3477 cancelled.

360 3485 375 3507 Β
401 3485 537 3521 taliter
551 3484 768 3522 cancelled.

345 3534 376 3612 13
398 3537 511 3624 {Sagis
528 3535 728 3573 cancelled
746 3549 754 3572 :
782 3539 975 3588 talemque
993 3538 1209 3579 interlined
1229 3541 1308 3579 and
1325 3541 1542 3581 cancelled.

345 3637 374 3662 ¹¹
401 3614 592 3687 talemque
609 3637 822 3677 cancelled.

345 3687 377 3713 1²
402 3688 566 3726 Altered
585 3690 684 3726 from
702 3690 847 3729 alima.

358 3782 371 3805 ¹
400 3781 591 3820 Founded
609 3794 717 3832 upon
735 3782 803 3821 the
822 3782 919 3822 facts
937 3783 1169 3823 discovered
1187 3786 1280 3824 with
1300 3787 1443 3836 regard
1461 3795 1503 3826 to
1520 3788 1589 3827 the
1607 3790 1730 3827 abbot
1747 3788 1826 3827 and
1846 3788 2098 3828 Dorchestre.

359 3832 376 3856 ²
404 3832 596 3871 Founded
614 3845 722 3882 upon
740 3846 762 3870 a
780 3835 964 3873 detcctum
983 3835 1026 3872 of
1051 3835 1329 3886 Wynehestre.
