2488 4296
322 365 434 420 143
769 346 1258 404 ALNWICK'S
1342 346 1909 405 VISITATIONS

321 503 456 549 idem
481 503 755 549 manerium
779 502 844 548 ad
867 502 1062 548 firmam
1085 517 1177 562 pro
1213 541 1222 549 .
1261 539 1269 548 .
1309 539 1316 548 .
1355 503 1383 549 ,¹
1418 518 1508 563 per
1541 518 1739 549 annum.
1807 503 1979 549 Abbas
2013 503 2195 550 fatetur
2228 503 2366 566 quod

323 567 512 612 dimisit
545 581 637 626 pro
674 567 706 626 ij
749 567 928 612 marcis
968 569 1018 612 et
1055 565 1155 622 xx‘¹‚
1194 569 1244 612 et
1282 567 1471 628 absque
1511 568 1765 613 communi
1804 581 2052 613 consensu
2091 570 2367 614 conuentus

322 630 609 689 capitularis
632 647 640 686 ;
677 629 768 675 sed
792 629 914 675 dicit
937 629 1074 690 quod
1097 629 1219 675 fecit
1241 632 1544 675 conuentum
1568 629 1666 676 hoc
1690 631 1833 676 scire.

453 694 579 739 Item
603 693 725 738 dicit
748 692 884 753 quod
908 693 1064 738 abbas
1086 692 1313 738 vendidit
1346 707 1497 738 vnum
1531 693 1818 739 corrodium
1856 693 2070 755 Johanni
2111 693 2365 751 Hardene,

323 756 556 815 harpour,
582 770 674 814 pro
697 770 729 801 x
752 757 945 811 marciS‚
971 759 1021 801 et
1043 756 1175 801 valet
1198 756 1266 801 xlss
1288 757 1338 801 in
1362 770 1508 812 anno,
1534 759 1584 802 et
1608 757 1744 802 stetit
1767 757 1839 802 sic
1861 757 1944 816 viij
1970 757 2114 802 annis
2137 774 2146 813 ;
2173 760 2222 802 et
2245 757 2368 803 dicit

323 819 458 878 quod
488 817 774 880 [dura]nte²
795 818 1155 880 vendic[ione]
1183 819 1340 865 abbas
1364 820 1761 865 comminabatur
1793 821 2064 865 conuentui
2098 819 2246 879 quod,
2273 821 2366 865 nisi

323 883 663 928 consentirent
703 881 988 927 vendicioni
1028 882 1159 938 huic,
1195 883 1304 942 ipse
1337 882 1579 928 venderet
1611 884 1915 942 quarterium
1938 882 2173 928 frumenti
2198 897 2290 942 pro
2314 884 2367 944 ij³

328 944 446 1006 [de]
476 946 620 991 bonis
645 945 836 991 domus,
904 945 1077 991 Abbas
1099 945 1282 991 fatetur
1304 945 1670 1002 vendicionem,
1695 945 1786 991 sed
1820 947 2086 992 contencio
2125 948 2200 992 est
2237 947 2367 992 inter

321 1009 483 1067 ipsum
509 1011 559 1054 et
582 1009 826 1068 quosdam
850 1008 914 1054 de
939 1011 1190 1054 conuentu
1213 1023 1304 1068 pro
1339 1023 1600 1055 consensu.

451 1072 578 1117 Item
603 1072 884 1131 dicitquod
919 1072 1076 1117 abbas
1110 1085 1208 1117 non
1243 1073 1493 1132 reparauit
1532 1072 1783 1118 clausuras
1822 1073 1956 1119 circa
1993 1073 2365 1131 monasterium,

318 1135 520 1194 quando
545 1135 723 1194 potuit3
745 1136 921 1181 leuiori
945 1136 1117 1194 precio
1140 1150 1287 1195 quam
1313 1150 1444 1181 nunc
1468 1139 1678 1195 possunt
1701 1137 1935 1195 reparari.

452 1199 578 1244 Item
619 1198 742 1244 dicit
781 1198 915 1258 quod
949 1199 1119 1251 abbaS,
1161 1198 1443 1244 inconsulto
1484 1202 1534 1244 et
1573 1200 1732 1245 inscio
1770 1201 2036 1255 conuentu,
2079 1199 2267 1246 dimisit
2301 1199 2367 1246 ad

321 1261 515 1307 firmam
556 1262 657 1308 duo
697 1262 859 1308 crofta
896 1263 947 1307 in
988 1262 1246 1307 Waltham
1284 1262 1350 1307 ad
1383 1263 1430 1322 vj
1466 1277 1625 1308 annos
1648 1277 1741 1322 pro
1764 1263 1831 1323 vj⁵
1853 1261 1960 1323 viij‘1
1982 1277 2072 1322 per
2094 1277 2293 1320 annum,
2317 1265 2368 1309 et

319 1326 511 1384 recepit
551 1340 641 1386 pre
681 1326 910 1371 manibus
943 1328 1100 1371 totam
1135 1324 1342 1382 firmam,
1369 1325 1459 1371 sed
1491 1326 1612 1385 quid
1647 1327 1748 1385 egit
1772 1326 1836 1372 de
1860 1327 2073 1386 pecunia
2095 1327 2367 1386 ignoratur.

322 1389 526 1435 Fatetur
550 1389 892 1435 dimissionem
916 1403 1008 1448 pro
1031 1395 1080 1434 x⁸
1103 1389 1279 1434 annuis
1302 1391 1352 1435 et
1375 1391 1726 1449 recepcionem
1749 1390 1962 1449 pecunie
1979 1404 2069 1449 pre
2087 1390 2332 1436 manibus.

299 1457 308 1463 ’
450 1453 576 1498 Item
600 1453 756 1498 abbas
781 1452 968 1498 dimisit
992 1452 1256 1498 ecclesiam
1293 1452 1357 1498 de
1390 1452 1580 1499 Wathe
1613 1452 1679 1498 ad
1715 1452 1909 1499 firmam
1947 1453 2076 1499 laico
2114 1467 2205 1512 per
2239 1453 2367 1500 duos

317 1530 475 1562 annos
498 1517 685 1575 absque
709 1530 957 1562 consensu
980 1518 1271 1571 conuentus,
1297 1519 1347 1561 et
1369 1517 1638 1575 prostrauit
1661 1531 1812 1562 vnum
1831 1516 2065 1563 horreum
2084 1517 2134 1561 in
2154 1517 2367 1563 rectoria

318 1579 521 1635 ibidem,
558 1582 607 1625 et
647 1579 875 1626 vendidit
915 1580 1207 1627 meremium
1247 1594 1339 1639 pro
1380 1579 1451 1625 xld
1472 1597 1481 1636 ;
1518 1579 1654 1639 quod
1693 1580 1926 1641 horreum
1967 1581 2130 1640 potuit
2169 1580 2366 1627 modice

317 1644 537 1702 reparari
562 1658 653 1703 pro
677 1649 772 1688 xxss.

448 1707 575 1752 Item
620 1707 743 1752 dicit
787 1706 923 1766 quod
968 1706 1125 1752 abbas
1164 1706 1431 1765 occupauit
1470 1706 1634 1753 officia
1673 1706 1902 1753 custodie
1940 1706 2202 1753 cellararii⁴
2223 1724 2232 1764 ;
2268 1722 2364 1767 que

316 1769 481 1815 officia
504 1771 738 1816 monachi
762 1784 1010 1830 occupare
1035 1773 1084 1816 et
1106 1770 1465 1816 liberacionem
1484 1771 1628 1830 panis
1647 1773 1696 1816 et
1713 1771 1924 1816 ceruisie
1941 1785 2001 1816 ac
2022 1769 2358 1832 [huiusmodi]

315 1834 602 1879 victualium
628 1834 952 1893 superuidere
977 1836 1344 1879 consueuerunt
1366 1851 1375 1890 ;
1412 1836 1462 1879 et
1484 1833 1617 1880 cum⁵
1638 1834 1721 1879 vix
1745 1834 1854 1880 coci
1879 1834 2099 1880 habeant
2133 1834 2365 1880 victualia

316 1898 366 1942 in
404 1897 756 1943 habundancia
791 1898 841 1942 in
880 1897 1032 1943 domo
1066 1911 1153 1943 sua
1190 1900 1240 1943 et
1279 1911 1379 1942 non
1425 1896 1543 1958 [sit]
1586 1898 1680 1943 sibi
1719 1897 1989 1944 lardarium
2029 1898 2094 1944 de
2132 1898 2362 1958 propriis,

315 1960 538 2007 creditur
561 1961 696 2021 quod
721 1960 940 2006 habeant
965 1960 1029 2007 de
1053 1961 1222 2006 domo.

446 2025 573 2070 Item
611 2025 733 2070 dicit
768 2024 904 2084 quod
941 2025 1097 2070 abbas
1133 2023 1301 2070 faciat⁶
1329 2024 1614 2084 potaciones⁷
1652 2025 1896 2070 serotinas
1929 2039 2082 2084 vsque
2120 2039 2152 2070 x
2190 2024 2270 2070 vel
2312 2025 2362 2085 xj

315 2087 465 2134 horas
488 2088 552 2134 de
578 2091 739 2145 nocte,
765 2088 966 2134 edendo
990 2090 1040 2134 et
1064 2087 1288 2133 bibendo
1312 2103 1425 2134 cum
1448 2087 1600 2143 laicis,
1627 2102 1720 2134 nec
1744 2089 1895 2134 iacuit
1923 2087 2001 2149 [in
2035 2086 2359 2150 dormitorio]

314 2166 405 2210 per
427 2154 528 2197 tres
551 2166 723 2207 annos⁷
748 2166 842 2197 nec
865 2152 986 2197 facit
1010 2152 1357 2198 correcciones
1392 2151 1681 2197 defectuum
1718 2152 1768 2197 in
1805 2153 2060 2197 matutinis
2095 2152 2175 2198 vel
2209 2150 2362 2197 horis.

317 2215 540 2260 Monitus
578 2218 652 2261 est
689 2215 782 2260 sub
817 2230 948 2275 pena
982 2215 1524 2261 excommunicacionis
1547 2214 1681 2275 quod
1706 2214 1943 2262 decetero
1966 2216 2172 2261 omnino
2205 2215 2366 2262 iaceat

314 2278 513 2324 taliter.⁸

447 2341 604 2403 [Item
629 2340 778 2402 dicit]
807 2342 944 2403 quod
975 2342 1229 2403 Johannes
1252 2341 1497 2402 Gedeney
1519 2341 1825 2401 aliquociens
1848 2342 2104 2401 egreditur
2137 2345 2280 2402 septa
2313 2343 2363 2388 in

314 2405 531 2464 publico,
557 2406 754 2452 abiecta
777 2409 914 2451 veste
938 2405 1165 2464 regulari,
1192 2420 1288 2451 vna
1309 2406 1479 2451 tunica
1501 2405 1704 2451 indutus
1722 2420 1836 2451 cum
1859 2406 1980 2465 pilio
2004 2407 2054 2451 in
2085 2405 2288 2467 [capite‚
2313 2409 2364 2452 et

314 2468 380 2529 si]
409 2469 585 2529 aliquis
608 2469 816 2515 fratrum
841 2469 1001 2514 suum⁹
1022 2470 1320 2528 corripuerit
1344 2484 1457 2515 eum
1482 2469 1546 2515 de
1570 2468 1666 2515 hac
1688 2469 1975 2526 insolencia,
1995 2469 2270 2529 respondet
2293 2470 2365 2516 eis

313 2536 551 2591 proteruo
575 2532 743 2588 modo,
769 2533 957 2589 dicens,
985 2533 1114 2578 ‘Vos
1139 2547 1239 2578 non
1264 2533 1460 2578 habetis
1483 2533 1817 2579 intromittere
1841 2533 1905 2579 de
1923 2548 2004 2579 me
2021 2547 2116 2579 nec
2135 2546 2230 2592 ego
2247 2533 2362 2579 volo

313 2596 498 2655 corripi
522 2611 612 2655 per
634 2595 751 2642 vos'
770 2609 781 2650 ;
818 2599 868 2642 et
904 2596 1158 2655 egreditur
1200 2596 1264 2641 de
1301 2598 1450 2642 nocte
1485 2596 1798 2655 aucupando.
1870 2597 2057 2642 Iurauit
2094 2596 2232 2658 quod
2267 2611 2362 2642 non

312 2660 602 2718 procurabit
626 2674 715 2719 per
739 2675 792 2706 se
816 2659 895 2705 vel
917 2660 1070 2705 alium
1094 2659 1368 2719 dampnum
1402 2659 1550 2705 alicui
1575 2659 1640 2705 de
1662 2659 1899 2705 fratribus
1928 2659 2130 2721 [causa]
2170 2659 2360 2706 detect-

312 2737 454 2768 orum
478 2738 573 2769 nec
595 2723 765 2779 verbo,
792 2725 913 2769 nuto
938 2722 1009 2768 vel
1031 2723 1181 2770 facto.
1237 2724 1577 2782 Interrogatus
1596 2723 1660 2769 de
1678 2723 1896 2785 quadam
1913 2724 2078 2770 littera
2095 2724 2146 2769 in
2163 2723 2362 2783 anglico

312 2787 499 2845 scripta
521 2801 583 2832 an
609 2787 762 2842 nouit,
789 2787 913 2833 dicit
936 2786 1071 2846 quod
1096 2787 1236 2832 nouit
1260 2789 1310 2832 et
1333 2787 1548 2845 scripsit.

442 2850 568 2896 Item
615 2850 679 2896 de
724 2850 1027 2896 induccione
1071 2850 1334 2896 mulierum
1377 2852 1429 2895 vt
1468 2864 1631 2909 supra,
1673 2852 1723 2896 et
1767 2850 1903 2910 quod
1940 2850 2098 2896 abbas
2136 2851 2363 2910 permisit

310 2913 543 2959 mulieres
566 2914 674 2959 illas
691 2914 880 2959 ibidem
899 2916 1197 2972 pernoctare
1215 2911 1365 2972 post¹⁰
1381 2914 1620 2959 noticiam
1639 2914 1912 2960 existencie
1930 2929 2113 2970 earum,
2131 2916 2180 2960 et
2198 2913 2361 2960 dicit¹1

311 2976 555 3037 Gedeney
578 2977 671 3022 fuit
694 2991 808 3023 cum
831 2977 928 3022 illis
951 2977 1241 3023 mulieribus
1264 2978 1315 3022 in
1339 2991 1538 3023 camera
1561 2980 1677 3023 ante
1695 2979 1745 3023 et
1763 2980 1878 3037 post
1896 2978 2176 3031 matutinas,
2193 2978 2361 3024 tunica

412 3089 424 3112 1
452 3090 539 3127 The
559 3102 644 3127 sum
663 3090 696 3127 is
714 3090 888 3139 illegible

410 3139 428 3214 Ξ
452 3140 550 3227 {his
568 3141 600 3178 is
616 3153 639 3178 a
658 3141 831 3190 possibly
852 3142 1013 3191 reading
1030 3155 1039 3186 ;
1069 3142 1138 3179 but
1157 3141 1223 3179 the
1244 3140 1461 3191 beginning
1482 3142 1527 3179 of
1541 3142 1606 3181 the
1625 3143 1733 3180 word
1753 3148 1899 3180 cannot
1919 3143 1967 3180 be
1987 3141 2090 3180 read.

487 3205 533 3229 tc.

411 3242 427 3266 4
454 3243 542 3280 Sic:
574 3242 633 3280 for
660 3244 823 3281 cellarii.

413 3293 428 3316 ⁵
454 3307 541 3331 cum
561 3294 776 3332 cancelled.

412 3343 427 3368 ⁶
457 3347 546 3383 Sic:
575 3346 634 3382 sor
649 3346 768 3393 facit.

410 3395 425 3420 ⁷
452 3396 669 3434 Interlined
688 3398 813 3434 above
831 3397 994 3445 vigilias
1011 3397 1225 3436 cancelled.

409 3446 424 3470 Β
451 3447 538 3485 The
556 3449 630 3485 last
649 3448 759 3485 three
779 3449 905 3486 words
923 3461 989 3487 are
1008 3450 1137 3487 rather
1157 3449 1376 3496 uncertain,
1393 3462 1436 3487 as
1454 3450 1533 3488 this
1551 3450 1693 3500 partos
1707 3450 1773 3487 the
1790 3449 1879 3488 MS.
1893 3449 1926 3487 is
1938 3450 2073 3499 nearly
2083 3448 2331 3487 obliterated.

408 3497 424 3521 9
452 3498 541 3536 Sic.
572 3499 632 3536 for
658 3511 835 3536 suorum.

398 3548 429 3572 ¹⁰
455 3562 574 3599 quam
595 3550 809 3588 cancelled.

393 3599 422 3623 Π
451 3603 539 3638 Sic:
566 3603 671 3650 quod
693 3601 870 3639 omitted.

408 3670 420 3694 ¹
449 3671 547 3709 This
564 3673 643 3709 and
661 3672 898 3722 subsequent
918 3672 1153 3722 complaints
1172 3674 1362 3712 illustrate
1379 3674 1445 3712 the
1460 3673 1619 3711 ruinous
1631 3674 1861 3723 expedients
1872 3674 2044 3724 adopted
2060 3674 2112 3724 by
2126 3674 2192 3712 the
2206 3673 2356 3712 officers

303 3723 346 3759 of
362 3735 458 3772 poor
478 3723 732 3760 monasteries
751 3728 793 3760 to
812 3723 948 3760 obtain
965 3724 1082 3771 ready
1102 3737 1259 3773 money,
1317 3726 1353 3763 It
1371 3726 1404 3763 is
1422 3726 1674 3763 unfortunate
1692 3725 1778 3762 that
1797 3726 1864 3763 the
1890 3738 1975 3763 sum
2004 3726 2103 3764 from
2133 3725 2260 3769 which
2288 3726 2355 3769 the

298 3774 475 3815 farmer's
493 3773 610 3829 profit
629 3775 669 3812 in
688 3774 754 3812 the
774 3781 930 3828 present
950 3786 1039 3812 case
1058 3775 1174 3817 could
1194 3777 1242 3818 be
1261 3776 1470 3818 estimated
1488 3776 1521 3814 is
1538 3789 1628 3815 now
1655 3776 1842 3831 illegible.
