2488 4296
323 383 436 439 193
795 365 1286 424 ALNWICK’S
1371 365 1937 424 VISITATIONS

320 524 599 569 iniunctum
635 525 709 567 est
745 524 1030 581 precentori
1066 525 1119 568 vt
1153 523 1261 582 ipse
1297 526 1437 569 notet
1474 523 1702 569 defectus
1738 525 1788 569 et
1823 522 1975 568 faciat
2009 523 2162 569 leuari
2197 537 2368 582 penas.

323 586 625 646 (Kempsale.
697 586 955 631 Iniunccio
979 587 1257 631 communis
1280 587 1345 632 ad
1369 601 1544 632 omnes
1568 589 1618 632 et
1640 587 1959 645 precentori.)

452 648 646 708 (Nota.)
747 649 992 694 Dominus
1051 649 1295 695 Ricardus
1340 650 1603 709 Spmnere,
1649 650 1863 695 vicarius
1907 649 2100 702 decani,
2147 649 2373 695 exhibuit

323 713 625 758 sufficienter
662 714 712 757 et
747 713 927 757 iurauit
963 712 1349 770 obedienciam3
1386 717 1434 758 et
1472 713 1783 759 examinatus
1819 713 1943 758 dicit
1966 713 2103 774 quod
2139 712 2373 758 dominus

322 776 577 837 Johannes
603 775 964 834 Bramburghe,
991 777 1275 832 canonicus,
1301 776 1589 837 frequenter
1612 776 1832 821 admittit
1855 779 1905 821 et
1929 777 2107 835 recipit
2131 777 2180 821 in
2205 777 2372 836 hospi-

322 841 454 885 cium
480 854 622 884 suum
647 839 937 884 canonicale
962 842 1220 898 suspectas
1243 842 1293 885 et
1315 840 1439 886 viles
1475 839 1720 894 mulieres,
1747 840 1906 885 eciam
1931 840 2055 885 tales
2077 854 2175 900 que
2209 842 2372 899 reput-

322 907 467 948 antur
492 916 784 948 communes
807 903 1111 949 meretrices.
1181 903 1587 962 (Bramburghe.)

453 966 581 1011 Item
628 965 750 1010 dicit
794 965 931 1026 quod
978 966 1183 1026 quidam
1230 966 1294 1011 de
1338 967 1609 1023 canonicis,
1655 967 1740 1027 qui
1785 981 1878 1025 pro
1923 967 2171 1012 absenciis
2216 966 2374 1012 choro

323 1030 575 1075 soluerent
611 1029 725 1073 xxd.
753 1029 831 1074 vel
867 1030 1094 1088 amplius,
1119 1031 1200 1075 vix
1225 1030 1425 1075 soluunt
1462 1029 1588 1082 duos
1613 1029 1859 1086 denariOS,
1879 1033 1934 1075 et
1957 1029 2074 1075 ideo
2100 1030 2375 1075 redduntur

322 1094 585 1152 proniores
630 1092 694 1136 ad
739 1092 1105 1138 absentandum
1151 1107 1218 1150 se,
1265 1096 1314 1138 et
1359 1093 1457 1139 hoc
1501 1096 1661 1138 totum
1707 1092 1901 1138 eontra1
1940 1095 2135 1139 statuta.
2221 1093 2376 1151 (Pena

321 1155 595 1216 absencie.)

451 1219 621 1278 (Nota.
653 1218 747 1278 14.)
818 1219 944 1264 Item
982 1219 1104 1266 dicit
1141 1220 1278 1280 quod
1302 1221 1487 1279 janitor
1524 1234 1586 1265 ex
1622 1221 1818 1265 statutis
1843 1220 2055 1266 ecclesie
2079 1220 2376 1280 precederet

323 1283 672 1343 processiones
709 1282 921 1327 ecclesie
958 1285 1007 1327 et
1040 1286 1365 1339 executorem
1403 1282 1553 1328 officii
1579 1284 1815 1329 intrando
1838 1287 1888 1330 et
1912 1284 2144 1329 exeundo
2166 1283 2378 1330 chorum

323 1361 438 1392 cum
474 1347 614 1404 virga
650 1347 700 1390 in
739 1360 888 1390 manu
912 1361 1000 1391 sua
1025 1364 1034 1403 ;
1070 1350 1120 1392 et
1144 1348 1240 1391 iam
1267 1347 1455 1408 quartis
1480 1350 1529 1392 et
1553 1348 1706 1392 sextis
1730 1347 1868 1392 feriis
1891 1361 2005 1392 cum
2029 1346 2154 1392 fiunt
2178 1362 2376 1406 proces-

321 1411 487 1455 siones
511 1410 560 1454 in
586 1409 811 1466 ecclesia,
837 1410 1067 1454 absentat
1091 1425 1143 1456 se
1169 1413 1218 1455 et
1241 1410 1456 1455 intendit
1481 1410 1810 1456 mercandizis
1834 1412 1935 1456 suis
1959 1412 2009 1456 in
2033 1412 2298 1470 empcione
2323 1414 2373 1457 et

319 1473 620 1518 vendicione
645 1474 868 1532 piscium.
940 1473 1160 1533 (Janitor.
1233 1472 1529 1534 IniuncciO.)

449 1535 619 1596 (Nota.
651 1536 744 1597 15.)
814 1536 939 1581 Item
979 1536 1102 1582 dicit
1126 1537 1263 1598 quod
1299 1551 1423 1582 vxor
1459 1538 1616 1596 ipsius
1652 1538 1876 1583 ianitoris
1911 1538 2085 1584 vendit
2108 1539 2369 1583 ceruisiam

319 1599 448 1645 infra
472 1602 642 1658 portas
666 1600 832 1656 clausi,
859 1600 923 1645 ad
947 1615 1096 1660 quem
1120 1601 1285 1646 locum
1312 1600 1569 1646 confluunt
1593 1602 1837 1656 canonici,
1857 1602 2027 1646 vicarii
2051 1604 2101 1648 et
2123 1601 2370 1661 capellani

319 1664 545 1717 ecclesie,
571 1663 800 1708 sedendo
823 1663 1013 1708 ibidem
1037 1679 1193 1725 vsque
1217 1665 1316 1724 viij,
1343 1665 1393 1708 ix
1417 1664 1495 1710 vel
1519 1679 1550 1709 x
1574 1664 1723 1710 horas
1747 1667 1862 1723 post
1885 1665 2147 1711 meridiem
2169 1679 2180 1719 ;
2215 1665 2366 1726 quod,

320 1728 359 1772 si
385 1727 699 1783 sustineatur,
726 1727 986 1785 generabit
1010 1740 1162 1786 graue
1188 1727 1480 1773 scandalum
1505 1728 1735 1787 collegio.
1795 1727 1951 1788 (onr
1973 1728 2238 1789 janitoris.)

451 1791 578 1836 Item
615 1790 738 1835 dicit
773 1790 910 1851 quod
948 1790 1120 1836 Simon
1157 1791 1360 1837 Simeon
1396 1790 1626 1836 fundauit
1649 1795 1750 1837 tres
1773 1793 2020 1837 cantarias
2052 1793 2103 1838 in
2137 1792 2366 1851 collegio,

320 1853 519 1915 quibus²
556 1853 854 1899 desei-uitur³
890 1868 979 1912 per
1015 1854 1242 1911 vicarios,
1282 1869 1375 1914 pro
1412 1869 1513 1915 quo
1547 1869 1702 1900 onere
1725 1855 1819 1914 ipsi
1845 1856 2014 1901 vicarii
2049 1857 2368 1915 perciperent

318 1918 576 1962 annuatim
618 1932 684 1962 xx
725 1917 773 1962 li.
802 1935 811 1972 ς
849 1920 898 1962 et
938 1918 1038 1962 iam
1077 1919 1307 1963 canonici
1347 1918 1646 1963 subtrahunt
1685 1918 1750 1964 ab
1791 1919 1914 1977 ipsis
1959 1920 2158 1964 vicariis
2202 1920 2267 1979 vij
2315 1920 2365 1965 li.

320 1980 575 2041 (Cantarie
601 1980 818 2026 Simeon.
858 1981 992 2026 Nota
1018 1998 1027 2026 ι
1062 1981 1347 2026 consulatur
1371 1981 1604 2027 dominus
1627 1996 1775 2040 super
1799 1981 1935 2043 hoc.)

449 2045 575 2089 Item
613 2044 735 2089 dicit
771 2043 925 2105 quod⁴
948 2045 998 2089 in
1036 2044 1189 2090 domo
1225 2045 1572 2090 elemosinaria
1602 2049 1715 2090 sunt
1739 2045 1942 2106 quidam
1965 2045 2111 2092 valde
2135 2049 2368 2105 potentes

318 2107 384 2153 ad
420 2107 731 2168 querendum
768 2109 954 2153 victum
991 2108 1234 2164 manibuS,
1261 2123 1354 2154 nec
1390 2109 1525 2154 iuxta
1561 2111 1744 2154 statuta
1768 2109 2082 2168 expelluntur
2106 2111 2226 2166 sani,
2251 2111 2367 2156 licet

319 2170 500 2216 infirmi
539 2172 729 2230 recepti
768 2172 900 2228 sint;
938 2171 1028 2216 sed
1066 2174 1115 2217 et
1151 2171 1380 2217 laborant
1416 2187 1530 2217 cum
1567 2173 1822 2217 canonicis
1847 2175 1896 2218 et
1918 2173 2029 2218 aliis
2053 2174 2102 2219 in
2125 2173 2242 2219 villa
2275 2188 2367 2233 pro

320 2234 554 2280 mercede
579 2249 667 2280 sua
691 2237 740 2280 et
765 2236 836 2279 sic
861 2235 1138 2280 imbursant
1162 2235 1401 2294 pecunias
1425 2238 1474 2281 et
1498 2239 1730 2282 crescunt
1753 2237 1803 2280 in
1828 2236 2052 2282 diuicias.
2122 2237 2366 2295 (Elemos-

318 2298 515 2356 inaria.)

445 2360 615 2422 (Nota.
647 2360 741 2421 16.)
795 2362 920 2407 Item
945 2362 1068 2408 dicit
1091 2363 1229 2422 quod
1251 2364 1375 2408 certi
1401 2362 1629 2408 redditus
1652 2364 1702 2409 in
1726 2362 1842 2408 villa
1868 2363 2156 2422 Leycestrie
2180 2364 2367 2409 donan-

316 2427 395 2469 tur
419 2425 634 2484 collegio
658 2425 723 2470 ad
748 2427 913 2470 certos
936 2426 1104 2471 obitus
1127 2426 1460 2472 celebrandos
1484 2427 1533 2471 in
1558 2427 1787 2487 collegio,
1813 2427 1897 2488 qui
1921 2430 2283 2473 conseruantur
2316 2431 2367 2474 et

321 2490 488 2534 tamen
534 2490 746 2547 pecunie
784 2503 886 2534 non
926 2490 1247 2549 recipiuntur,
1289 2504 1350 2535 eo
1395 2489 1532 2551 quod
1579 2491 1783 2536 maritus
1828 2491 2014 2536 sororis
2061 2491 2370 2552 Fysshewyk

317 2553 560 2611 prepositi
601 2555 676 2598 est
713 2552 968 2598 collector·
990 2553 1277 2599 huiusmodi
1316 2553 1618 2611 reddituum,
1643 2557 1694 2600 et
1730 2553 1894 2612 nullus
1917 2557 1993 2599 est
2016 2555 2100 2615 qui
2136 2554 2288 2600 audet
2323 2556 2368 2600 ei

314 2616 451 2676 loqui
474 2616 683 2661 verbum
708 2615 773 2661 de
797 2616 1083 2662 huiusmodi
1109 2631 1179 2662 re.
1247 2617 1323 2663 De
1348 2631 1597 2662 consensu
1620 2617 1904 2663 ordinatum
1929 2621 2035 2663 erat
2057 2618 2195 2679 quod
2219 2618 2365 2664 redd—

313 2679 410 2723 itus
435 2678 721 2724 huiusmodi
745 2693 835 2738 per
859 2681 1127 2726 triennium
1151 2680 1522 2740 expenderetur
1544 2681 1594 2726 in
1619 2682 1944 2741 reparacione
1966 2683 2367 2727 tenementorum

313 2756 402 2800 per
439 2743 721 2799 triennium,
762 2743 900 2803 quod
941 2758 1042 2789 non
1083 2743 1202 2789 dum
1242 2744 1549 2803 completum
1589 2747 1678 2791 est.
1759 2744 2028 2803 (Redditus
2064 2745 2365 2806 Leycestrie.

317 2805 610 2865 Iniunccio.)
2343 2832 2346 2834 ·

444 2869 572 2915 Item
597 2869 978 2915 memorandum
1003 2870 1067 2916 de
1092 2873 1279 2917 statuto
1317 2870 1435 2930 Ixxj⁵
1457 2873 1695 2930 tangente
1719 2871 2028 2917 solucionem
2053 2871 2361 2918 decimarum

313 2934 362 2977 et
386 2932 593 2978 aliarum
618 2933 929 2979 solucionum
954 2935 1005 2978 in
1029 2936 1253 2993 negociis
1277 2935 1502 2980 ecclesie.
1573 2934 1825 2993 (Statuta.)

415 3043 426 3066 ¹
453 3058 541 3082 cons
568 3045 786 3083 cancelled.

415 3095 430 3118 2
457 3095 620 3133 Altered
642 3097 739 3133 from
761 3110 848 3147 que.

413 3144 428 3168 ³
457 3147 622 3184 Altered
642 3148 740 3184 from
759 3150 1056 3187 deseruiuntur.

413 3196 429 3219 ⁴
454 3205 550 3235 sunt
576 3199 792 3236 cancelled.

411 3247 427 3271 ⁵
459 3248 675 3287 Interlined
698 3251 822 3288 above
842 3252 877 3301 lj
893 3250 1111 3289 cancelled.

414 3337 426 3361 ¹
456 3338 655 3388 Probably
673 3339 742 3377 the
762 3353 869 3378 same
889 3354 1032 3390 person
1053 3354 1095 3378 as
1117 3341 1269 3379 Robert
1286 3341 1510 3391 Spurnour,
1528 3342 1617 3379 who
1635 3355 1802 3392 appears
1821 3354 1864 3379 to
1883 3342 1984 3379 have
2003 3342 2222 3379 succeeded
2241 3353 2284 3379 to
2303 3340 2369 3379 the

311 3390 479 3426 seventh
500 3391 675 3438 prebend
697 3404 801 3440 upon
825 3392 950 3442 Dey’s
969 3393 1233 3441 deprivation.
1293 3393 1357 3431 He
1376 3393 1466 3430 died
1488 3394 1620 3431 before
1640 3403 1664 3440 9
1682 3393 1792 3442 July,
1817 3393 1911 3440 1465
1933 3392 2054 3443 (Reg.
2074 3402 2144 3433 ΧΧ.
2168 3393 2219 3430 fo.
2242 3394 2350 3439 218.)

414 3439 431 3462 2
457 3440 616 3478 Statute
655 3451 713 3489 34.
788 3442 851 3480 He
884 3457 960 3481 was
993 3452 1035 3480 to
1067 3444 1114 3481 be
1145 3457 1168 3481 a
1200 3444 1373 3494 layman,
1408 3445 1576 3482 married
1608 3445 1728 3491 clerk,
1761 3457 1805 3482 or
1835 3444 1951 3481 other
1983 3457 2126 3492 person
2158 3444 2200 3482 of
2224 3444 2367 3482 honest
2424 3455 2426 3457 ·

310 3500 604 3529 conversatlon.

413 3541 428 3565 ³
457 3542 655 3592 Probably
673 3544 735 3580 for
752 3543 820 3581 the
840 3544 912 3582 fish
933 3545 1016 3583 diet
1035 3545 1076 3583 of
1094 3546 1163 3583 the
1181 3546 1336 3595 college
1355 3559 1406 3584 on
1427 3546 1542 3584 those
1561 3547 1675 3596 days.

412 3594 428 3616 ⁴
454 3593 521 3631 Le.
554 3594 622 3631 the
650 3594 999 3644 chauny-priests.

414 3644 429 3667 ⁵
457 3645 533 3682 See
552 3655 646 3682 note
664 3647 685 3682 8
707 3658 756 3682 on
779 3659 815 3695 p.
839 3656 911 3692 190
929 3648 1069 3685 above.

411 3695 427 3719 ὓ
454 3695 522 3733 Le.
552 3696 620 3733 the
635 3705 860 3734 tenements
880 3699 918 3735 in
940 3698 1139 3736 Leicester
1159 3699 1258 3736 from
1278 3699 1406 3737 which
1426 3699 1493 3737 the
1513 3707 1621 3737 rents
1640 3711 1766 3737 arose.

414 3747 428 3773 ’7
459 3747 503 3783 In
525 3747 592 3783 the
611 3747 745 3795 copies
764 3748 804 3784 of
822 3749 889 3786 the
910 3757 1079 3786 statutes
1097 3750 1136 3786 in
1161 3750 1264 3799 Reg.
1287 3759 1345 3795 IX,
1366 3751 1494 3787 which
1516 3763 1580 3787 are
1600 3750 1667 3787 the
1686 3750 1884 3788 founder‘s
1904 3750 2073 3799 original
2093 3757 2264 3787 statutes
2289 3748 2365 3786 and

313 3798 416 3837 their
436 3798 605 3836 revision
629 3799 679 3850 by
699 3799 841 3850 bishop
862 3800 1071 3852 Gynewell
1090 3801 1185 3842 with
1206 3801 1266 3842 his
1286 3810 1463 3847 consent,
1483 3802 1577 3854 they
1598 3814 1662 3838 are
1680 3811 1750 3841 not
1770 3802 2002 3843 numbered.
2053 3801 2140 3842 The
2158 3810 2307 3841 statute
2325 3799 2364 3840 in
