2488 4296
289 399 379 471 58
770 394 1253 464 ALNWICK’S
1336 391 1903 452 VISITATIONS

1152 552 1490 599 CROYLANDE.

421 628 567 674 Anno
593 627 795 673 Domini
820 625 1021 672 mcclix⁰
1045 627 1282 670 statutum
1320 626 1397 670 est
1433 626 1483 669 et
1518 622 1789 682 prouisum,
1819 621 2027 669 domino
2068 622 2338 682 Radulpho

297 691 481 738 abbate
503 690 790 750 presidente
815 692 864 735 et
887 687 1188 734 conficiente
1212 702 1326 734 cum
1350 686 1570 732 vnanimi
1595 699 1844 732 consensu
1877 688 1928 732 et
1949 700 2158 732 assensu
2178 687 2341 732 tocius

299 757 573 800 conuentus
598 752 909 812 Croylandie,
927 751 1064 812 quod
1088 751 1325 810 magister
1349 749 1517 809 operis
1539 749 1624 810 qui
1648 762 1741 808 pro
1763 751 1993 808 ternpore
2016 748 2167 795 fuerit
2189 764 2341 795 vnum

298 831 479 878 equum
503 817 710 862 haberet
733 816 783 860 in
807 815 1002 860 stabulo
1032 829 1147 860 cum
1184 816 1428 873 apparatu
1462 811 1528 858 ad
1565 826 1693 871 opus
1731 812 2109 869 monachorum,
2147 815 2198 858 et
2233 813 2342 872 ipse

294 880 428 926 idem
452 894 651 926 omnem
675 877 937 924 bladorum
969 877 1216 923 decimam
1252 877 1444 934 integre
1479 875 1739 935 percipiet,
1783 875 1975 922 scilicet
2012 875 2077 922 de
2116 875 2337 922 Noman-

297 942 495 988 nislond
519 945 567 988 et
591 942 654 987 de
680 941 1051 987 Bretherhouse
1074 943 1124 986 et
1149 940 1299 986 Cotes
1323 942 1371 985 et
1395 938 1459 984 de
1482 939 1530 984 la
1555 939 1699 985 More
1723 941 1772 985 et
1795 939 1866 985 sic
1889 938 2018 985 infra
2039 939 2339 1000 MoreyateS.

1157 1024 1492 1070 CRoYLANDE.

421 1100 716 1155 WillelmuS,
757 1100 1086 1158 permissione
1122 1099 1292 1144 diuina
1338 1097 1705 1144 Lincolniensis
1739 1098 2022 1157 episcopus,
2059 1097 2256 1144 dilectis
2289 1097 2341 1144 in

295 1163 494 1210 Christo
516 1163 628 1208 filiis
651 1163 820 1208 abbati
857 1166 907 1208 et
943 1162 1210 1208 conuentui
1249 1162 1538 1207 monasterii
1575 1160 1915 1222 Croylandie‚¹
1952 1160 2145 1208 ordinis
2182 1162 2342 1207 sancti

298 1227 571 1281 Benedicti,
610 1228 779 1272 nostre
815 1226 1043 1281 diocesis,
1082 1225 1399 1284 presentibus
1437 1227 1488 1270 et
1532 1223 1710 1270 futuris
1755 1224 1979 1280 salutem,
2027 1225 2247 1284 graciam
2293 1227 2344 1270 et

295 1289 720 1335 benediccionem.
798 1289 923 1334 Cum
947 1289 1220 1348 plantatam
1254 1303 1447 1334 sacram
1481 1288 1775 1347 religionem
1809 1289 1947 1334 omni
1981 1287 2135 1334 modo
2168 1287 2343 1334 fouere

296 1353 582 1408 debeamus,
608 1367 852 1413 nusquam
876 1352 974 1398 hoc
998 1353 1173 1398 melius
1197 1352 1491 1413 exequimur
1515 1366 1664 1411 quam
1688 1352 1728 1397 si
1761 1352 1949 1397 nutrire
1983 1366 2042 1397 ea
2075 1366 2174 1413 que
2207 1354 2345 1398 recta

295 1419 408 1461 sunt
450 1418 499 1461 et
544 1416 794 1474 corrigere
830 1430 890 1460 ea
925 1430 1022 1476 que
1059 1415 1342 1474 profectum
1377 1415 1573 1460 virtutis
1612 1414 1894 1474 impediunt
1931 1415 2196 1461 conamine
2234 1417 2344 1461 toto

295 1494 535 1524 curemus,
584 1478 963 1524 Descendentes
986 1479 1134 1538 igitur
1157 1478 1223 1524 ad
1246 1493 1349 1534 VOS,
1374 1481 1427 1523 vt
1449 1478 1747 1534 videremus,
1768 1480 1918 1538 prout
1940 1478 2087 1524 nobis
2110 1492 2229 1524 cure
2253 1480 2342 1535 est,

294 1543 333 1587 si
357 1544 537 1588 cuncta
559 1542 694 1600 apud
717 1556 805 1587 vos
828 1553 1069 1601 prospera
1091 1542 1258 1588 forent
1282 1545 1331 1587 et
1346 1542 1652 1588 visitacionis
1666 1544 1836 1588 nostre
1851 1541 2105 1588 ordinarie
2120 1540 2340 1588 officium

293 1606 414 1651 inibi
451 1608 782 1660 excercentes,
821 1605 1038 1667 quedam
1082 1606 1358 1665 reperimus
1396 1605 1514 1651 licet
1552 1620 1725 1665 pauca,
1767 1605 2133 1652 reformacione
2169 1607 2340 1651 tamen

291 1668 494 1729 aliquali
541 1668 705 1727 digna.
791 1669 987 1715 Idcirco
1032 1669 1349 1728 infrascripta
1393 1669 1736 1715 iniuncciones
1781 1671 1831 1715 et
1876 1668 2113 1714 mandata
2151 1667 2340 1715 nostra'

290 1732 435 1777 vobis
458 1732 835 1777 transmittimus
858 1733 950 1777 sub
974 1733 1117 1792 penis
1140 1732 1471 1792 infrascriptis
1494 1732 1849 1778 inuiolabiliter
1872 1731 2204 1778 obseruanda.

423 1795 480 1840 In
520 1796 692 1852 primis
731 1810 843 1841 cum
878 1796 929 1841 in
965 1797 1258 1842 visitacione
1293 1798 1463 1842 nostra
1499 1796 1786 1842 huiusmodi
1822 1796 2158 1855 comperimus
2193 1794 2340 1841 nobis

293 1873 401 1904 esse
426 1858 643 1904 delatum
667 1858 803 1919 quod
826 1874 949 1904 vnus
973 1862 1023 1904 et
1045 1859 1194 1914 idem,
1219 1859 1455 1905 videlicet
1477 1859 1632 1905 frater
1657 1859 1902 1906 Ricardus
1936 1858 2266 1920 Fryssheney,
2291 1860 2342 1904 et

292 1920 509 1966 officium
533 1922 778 1981 prioratus
814 1922 938 1968 celle
973 1926 1137 1968 vestre
1175 1922 1239 1968 de
1278 1923 1318 1968 F
1320 1926 1534 1979 restone,
1559 1923 1653 1968 sub
1690 1924 1832 1970 cuius
1866 1922 2183 1983 presidencia
2215 1922 2340 1968 inibi

292 1985 526 2030 continue
564 1985 839 2031 residerent
875 1986 1062 2031 nouem⁸
1095 1986 1274 2032 fratres
1310 1986 1468 2033 choro
1504 1986 1587 2033 die
1627 1989 1677 2032 et
1711 1989 1861 2033 nocte
1897 1986 2253 2042 deseruientes,
2286 1987 2338 2032 et

293 2048 451 2093 eciam
474 2049 719 2107 prioratus
738 2049 1011 2095 claustralis
1035 2049 1253 2095 officium
1276 2050 1327 2095 in
1352 2051 1657 2096 monasterio
1675 2053 1841 2096 vestro
1868 2049 2040 2110 gerat‚⁴
2057 2052 2108 2096 et
2129 2048 2340 2095 multum

293 2111 422 2156 bene
444 2110 574 2157 foret
607 2113 646 2156 si
670 2113 863 2174 vtrique
899 2113 1063 2159 officio
1100 2114 1375 2172 singulares
1410 2128 1626 2174 persone
1662 2113 2034 2173 preficerentur,
2059 2128 2174 2160 cum
2207 2115 2339 2159 vtro-

295 2175 445 2235 bique
467 2175 669 2233 grandis
694 2190 810 2221 cura
843 2177 1100 2222 immineat
1130 2195 1139 2234 ;
1174 2178 1384 2239 ipseque
1416 2177 1570 2224 frater
1607 2178 1864 2234 RicarduS,
1891 2192 2009 2223 cure
2042 2176 2179 2223 dicte
2212 2175 2339 2223 celle

293 2237 565 2296 presidens,
603 2239 744 2297 plura
779 2254 868 2298 per
903 2243 1132 2300 tempora
1168 2241 1436 2287 commoda
1471 2241 1697 2287 eiusdem
1741 2241 2002 2301 receperit,
2046 2254 2107 2286 ac
2152 2254 2340 2286 mansos

293 2301 604 2346 rectoriarum
629 2305 669 2347 et
693 2303 941 2349 cancellos
972 2304 1296 2350 ecclesiarum
1329 2306 1764 2365 appropriatarum
1787 2305 1857 2350 in⁵
1877 2319 1994 2350 vsus
2027 2317 2338 2350 commoran-

294 2364 425 2409 cium
460 2365 511 2409 in
547 2365 671 2411 cella
703 2366 812 2424 ipsa
844 2367 1205 2426 assignatarum
1240 2368 1485 2415 dimiserit
1518 2370 1660 2415 ruine
1692 2368 1953 2428 patencius
1986 2368 2261 2423 subiacere,
2285 2381 2346 2413 ac

294 2427 515 2486 pluribus
539 2430 782 2486 personis⁶
804 2431 855 2475 in
878 2431 1183 2476 notabilibus
1207 2433 1412 2478 summis
1437 2433 1641 2479 racione
1664 2431 1816 2492 officij
1841 2432 2091 2491 prioratus
2113 2430 2347 2491 predict?

293 2490 596 2536 indebitatus
610 2493 788 2549 existat,
802 2494 1089 2555 nullumque
1106 2495 1282 2541 saltem
1298 2496 1502 2555 plenum
1517 2498 1811 2556 compotum
1823 2495 1888 2542 de
1903 2494 2348 2541 administracione

293 2568 379 2598 sua
402 2568 491 2612 per
512 2555 675 2613 ipsum
697 2557 747 2601 in
772 2557 916 2603 bonis
944 2558 1078 2604 dicte
1101 2558 1228 2604 celle
1248 2559 1416 2618 facte?
1439 2559 1504 2605 de
1536 2574 1637 2621 quo
1660 2561 1871 2615 constat,
1897 2557 2180 2604 reddiderit⁹
2205 2575 2215 2615 ;
2256 2572 2348 2603 nos

292 2617 452 2675 igitur,
472 2618 789 2665 aduertentes
813 2621 950 2682 quod
974 2636 1087 2667 cum
1106 2623 1216 2683 quis
1241 2637 1411 2669 curam
1435 2638 1522 2669 sue
1545 2624 1710 2669 anime
1735 2623 1800 2669 de
1824 2621 2015 2669 difficili
2038 2624 2170 2681 agat,
2190 2621 2348 2668 multo

294 2679 539 2726 difficilius
583 2682 796 2741 plurium
841 2685 934 2729 sibi
978 2685 1297 2731 animarum1⁰
1340 2701 1454 2733 cum
1499 2687 1945 2733 administracione
1998 2686 2250 2732 bonorum
2294 2685 2346 2730 in

292 2743 500 2789 diuersis
522 2745 645 2791 locis
659 2761 688 2791 a
706 2761 759 2792 se
778 2747 1077 2794 distantibus
1095 2750 1473 2796 commissarum
1490 2749 1679 2810 possetss
1697 2748 1990 2810 peragere,¹²
2006 2749 2151 2795 vobis
2169 2747 2343 2794 abbati

395 2837 408 2861 ¹
432 2846 583 2888 present
608 2843 822 2880 cancelled.

394 2890 410 2914 2
435 2891 534 2928 vobis
552 2894 730 2929 mandata
751 2895 966 2933 cancelled.

391 2940 407 2963 ⁸
434 2941 652 2980 Interlined
670 2944 795 2982 above
812 2951 887 2983 octo
906 2946 1122 2984 cancelled.

390 2990 407 3014 ⁴²
427 2999 579 3039 gereret
604 2996 814 3034 cancelled.

389 3042 404 3065 ⁵
432 3043 649 3082 Interlined
668 3046 793 3084 above
812 3052 848 3084 et
865 3048 1083 3086 cancelled.

388 3091 404 3116 ⁶
429 3095 590 3131 eiusdem
610 3099 834 3144 monasterij
847 3100 1063 3139 cancelled.

387 3144 403 3169 ⁷
419 3147 511 3193 jore
538 3149 751 3186 cancelled.

393 3193 408 3218 ⁸
436 3195 499 3232 Sic
516 3211 530 3233 .·
556 3197 615 3235 for
629 3199 757 3247 ficeta.

392 3245 409 3268 ⁹
434 3247 639 3285 reddidisse
666 3251 881 3289 cancelled.

375 3295 406 3319 ¹⁰
425 3301 629 3346 presertim
650 3302 690 3337 in
709 3304 894 3350 religione
913 3305 1130 3343 cancelled.

377 3346 406 3370 ¹¹
437 3348 481 3384 Iu
503 3349 668 3398 margin.

375 3396 407 3421 ¹²
432 3398 596 3437 Altered
617 3401 715 3439 from
736 3410 950 3452 perageret.

384 3467 396 3491 1
426 3468 702 3509 Nomansland
721 3473 821 3510 hurn
840 3487 915 3512 was
933 3475 1000 3514 the
1020 3477 1251 3516 south-west
1269 3492 1409 3518 corner
1427 3479 1470 3518 of
1484 3479 1552 3518 the
1571 3479 1643 3518 isle
1663 3479 1706 3517 of
1721 3478 1941 3529 Croyland,
1957 3492 2052 3518 near
2073 3477 2343 3528 thejunction

289 3518 330 3556 of
346 3519 412 3557 the
431 3520 498 3557 old
518 3521 644 3559 South
664 3535 738 3560 ean
758 3525 852 3562 with
870 3526 938 3563 the
959 3531 968 3548 ‘
982 3540 1084 3576 aqua
1103 3529 1152 3566 de
1171 3529 1289 3569 Nene
1302 3531 1417 3577 ’,and
1436 3530 1543 3569 close
1562 3539 1605 3568 to
1623 3531 1690 3569 the
1710 3531 1921 3582 boundary
1938 3544 2045 3570 cross
2064 3531 2107 3568 of
2124 3530 2192 3568 the
2210 3529 2342 3579 abbey

290 3570 416 3615 lands,
436 3584 523 3608 now
541 3572 667 3609 called
687 3574 744 3612 St.
765 3574 967 3614 Vincent's
993 3591 1110 3625 cross,
1130 3580 1257 3619 which
1285 3582 1368 3620 still
1395 3582 1518 3620 exists
1544 3595 1595 3620 on
1623 3582 1691 3620 the
1720 3581 1791 3620 left
1819 3582 1927 3620 hand
1955 3584 1997 3621 of
2021 3581 2089 3620 the
2119 3580 2213 3618 road
2243 3580 2344 3618 from

290 3620 479 3671 Thorney
496 3630 538 3659 to
558 3622 776 3671 Croyland.
848 3626 1143 3668 Brotherhouse
1162 3644 1240 3670 was
1258 3643 1299 3670 at
1317 3633 1386 3670 the
1404 3633 1703 3672 northernmost
1722 3634 1835 3683 point
1854 3634 1897 3672 of
1920 3633 1988 3672 the
2006 3632 2096 3677 isle,
2115 3631 2246 3670 where
2273 3630 2343 3668 the

289 3674 300 3691 ‘
313 3685 493 3710 common
513 3685 634 3711 sewer
649 3677 658 3690 ’
677 3675 719 3712 of
745 3676 811 3714 the
833 3677 937 3715 Asen
957 3679 1049 3717 dike
1062 3681 1203 3729 joined
1223 3683 1291 3721 the
1310 3683 1511 3721 Welland.
1581 3684 1689 3722 Here
1707 3697 1786 3722 was
1805 3685 1976 3723 another
1994 3683 2204 3730 boundary
2221 3695 2341 3728 cross,

283 3722 426 3760 known
446 3737 486 3761 as
507 3723 565 3761 St.
587 3724 798 3784 Guthlac's
816 3741 922 3766 cross
942 3730 1019 3767 and
1039 3732 1119 3769 still
1146 3734 1386 3783 remaining.
1443 3734 1531 3773 The
1559 3735 1735 3785 position
1757 3735 1800 3773 of
1826 3735 1951 3774 Cotes
1968 3736 2001 3773 is
2021 3744 2090 3773 not
2109 3734 2239 3772 clear:
2269 3733 2338 3770 the

283 3773 376 3822 only
396 3774 496 3811 local
515 3788 629 3812 name
649 3777 774 3835 whnqn
795 3791 923 3817 seems
941 3787 983 3817 to
1003 3782 1094 3819 bear
1112 3796 1190 3833 any
1210 3786 1477 3824 resemblance
1495 3794 1538 3823 to
1556 3787 1586 3823 it
1605 3787 1638 3824 is
1666 3786 1803 3825 Cate’s
1821 3799 1918 3825 cove
1937 3798 2086 3833 corner,
2105 3785 2174 3823 the
2201 3783 2339 3822 north·

281 3835 439 3863 eastern
459 3826 574 3878 angle
594 3827 635 3864 of
660 3828 727 3866 the
745 3829 830 3879 isle,
849 3842 944 3870 near
962 3831 1121 3871 Aswick
1141 3847 1294 3886 grange
1315 3848 1365 3874 on
1385 3836 1453 3875 the
1472 3837 1540 3876 old
1561 3836 1690 3889 Sheep
1709 3849 1796 3876 eau.
1852 3837 1940 3877 The
1959 3849 2081 3886 moor,
2101 3837 2164 3875 aze.
2184 3834 2333 3884 marsh,
