2476 4412
288 433 362 486 19
737 403 1225 466 ALNWICK'S
1308 396 1873 458 VISITATIONS

287 574 455 630 togam
491 570 542 613 vt
578 566 803 626 exploret
838 566 888 609 et
911 562 1005 607 sibi
1028 560 1279 606 intimaret
1302 557 1341 602 si
1364 557 1458 602 iste
1493 554 1623 600 Hale
1645 554 1838 599 veniret
1859 551 1926 598 ad
1949 552 2155 599 domum
2189 551 2325 599 dicte

287 632 517 679 mulieris.
609 630 772 687 Negat
816 638 1015 672 omnem
1061 621 1465 668 diffamacionem
1510 616 1812 663 huiusmodi.
1901 616 2166 662 Terminus
2209 619 2326 676 post

287 710 471 742 nonam
493 693 557 739 ad
581 690 894 751 purgandum
917 702 970 733 se
994 700 1107 732 cum
1129 686 1161 745 ij
1188 683 1461 729 monachis.
1843 743 1851 750 -
1897 742 1906 750 ·
2007 743 2014 750 ¹

415 757 618 816 (Contra
654 750 927 813 pistorem.)
997 750 1122 794 Item
1159 747 1281 793 dicit
1317 745 1453 806 quod
1489 759 1548 790 ea
1586 758 1681 803 que
1717 745 1932 802 percipit
1966 745 2125 802 pistor
2158 742 2326 789 valent

287 820 540 867 annuatim
579 833 610 862 x
648 830 839 861 marcas
874 817 924 859 et
959 811 1171 871 amplius
1206 813 1257 856 et
1293 824 1395 855 non
1430 811 1506 854 est
1541 807 1674 852 vtilis
1709 807 2028 863 monasterio,
2065 819 2180 852 cum
2221 805 2324 853 duo

287 885 468 929 dudum
506 881 808 939 occupantes
844 875 1062 923 officium
1097 874 1298 933 pistoris
1321 875 1371 918 et
1393 870 1753 931 pandoxatoris
1776 883 1877 915 non
1899 871 2093 915 tantum
2116 883 2322 929 percep-

287 949 431 993 erunt
454 945 580 990 sicut
602 944 695 988 iste
717 955 841 987 Vnus
863 938 1088 999 percipit.

419 1007 534 1069 [Fo.
560 1004 699 1066 34d.]
772 1004 898 1049 Item
923 1002 1045 1047 dicit
1067 999 1202 1060 quod
1234 998 1424 1044 dudum
1449 998 1817 1045 consueuerunt
1839 995 2027 1043 habere
2049 996 2101 1042 in
2135 996 2324 1055 stagnis

285 1070 648 1132 pertinentibus
684 1066 984 1112 monasterio
1008 1079 1098 1110 ccc
1120 1063 1199 1109 vel
1235 1076 1356 1108 cccc
1379 1061 1630 1107 dentrices
1654 1074 1747 1119 pro
1770 1060 1992 1105 instauro
2015 1059 2320 1116 monasterii,

286 1149 408 1194 quos
442 1146 617 1191 omnes
657 1131 873 1176 Bartone
909 1128 1047 1188 quasi
1087 1125 1379 1185 dissipando
1415 1124 1740 1183 consumpsit,
1780 1123 1905 1168 dans
1940 1123 2024 1168 vni
2059 1137 2212 1169 vnum
2244 1122 2324 1169 vel

285 1198 423 1249 duos,
450 1196 622 1241 dicens
658 1194 781 1238 ‘Fer
819 1190 988 1247 vxori,’
1026 1193 1074 1236 et
1111 1191 1182 1235 sic
1219 1188 1412 1244 ceteris
1438 1188 1609 1247 sicque
1632 1187 1943 1246 consumptis
1977 1187 2084 1232 istis
2118 1201 2323 1233 necesse

285 1260 537 1306 habebant
572 1257 768 1302 mittere
803 1255 868 1300 ad
904 1255 1123 1300 mercata
1153 1266 1246 1311 pro
1269 1251 1491 1311 piscibus
1514 1251 1869 1309 comparandis
1892 1249 1958 1295 ad
1981 1253 2286 1296 conuentum
2311 1267 2321 1307 ;

284 1326 334 1369 et
355 1322 438 1368 vbi
462 1324 580 1366 tunc
604 1319 912 1365 seruiebatur
936 1316 1203 1363 conuentui
1229 1315 1292 1360 de
1316 1315 1474 1360 tribus
1498 1314 1576 1359 vel
1600 1314 1668 1374 iiij
1695 1314 1963 1372 generibus
1986 1314 2199 1373 piscium
2221 1314 2322 1359 iam

284 1387 366 1432 vix
389 1385 599 1430 seruitur
622 1383 692 1428 eis
717 1381 780 1427 de
804 1380 1014 1426 duobus.

413 1448 539 1493 Item
563 1445 685 1491 dicit
707 1444 843 1506 quod
860 1443 1065 1505 quidam
1087 1441 1367 1503 Graystoke
1385 1441 1449 1487 de
1474 1440 1739 1502 Bardeney
1758 1443 1807 1487 et
1824 1441 1929 1486 eius
1947 1455 2070 1487 vxor
2087 1439 2322 1487 habeant²

285 1511 488 1557 nimium
532 1523 786 1555 accessum
829 1508 895 1553 ad
939 1513 1188 1552 cameram
1232 1505 1399 1550 fratris
1442 1504 1640 1550 Thome
1686 1504 1906 1550 Bartone
1944 1504 1995 1549 in
2039 1503 2321 1561 infirmaria,

285 1572 597 1633 expectando
633 1571 821 1617 ibidem
856 1573 962 1616 tota
985 1569 1080 1627 die,
1107 1584 1220 1615 cum
1244 1567 1397 1614 nichil
1428 1567 1647 1614 habeant
1669 1567 1738 1613 ibi
1762 1567 1929 1614 facere
1952 1567 2019 1613 ad
2052 1566 2323 1614 comodum

284 1636 584 1696 monasterij,
611 1635 699 1680 sed
734 1637 787 1679 vt
821 1634 962 1680 cibos
985 1635 1282 1679 consumant
1306 1650 1315 1688 3
1353 1635 1402 1678 et
1425 1633 1465 1677 si
1489 1632 1600 1693 quis
1623 1631 1813 1693 aliquid
1838 1631 1975 1677 dicto
2002 1631 2221 1677 Bartone
2257 1631 2322 1677 de

286 1701 384 1746 hoc
418 1700 610 1755 dixerit,
646 1699 811 1743 statim
847 1697 1074 1756 proripit²
1107 1697 1159 1742 in
1194 1696 1348 1742 verba
1383 1694 1699 1751 contumelie,
1739 1694 1915 1741 dicens
1953 1695 2063 1740 ‘Ibi
2104 1696 2248 1740 erunt
2281 1695 2323 1740 si

287 1764 396 1825 quis
419 1763 599 1808 dixerit
622 1759 952 1808 contrarium)

414 1827 541 1872 Item
585 1825 705 1870 dicit
748 1824 884 1886 quod
927 1823 1184 1885 quoddam
1228 1837 1404 1868 nemus
1448 1822 1704 1881 pertinens
1749 1822 2053 1868 monasterio
2091 1824 2323 1869 vocatum

290 1888 621 1936 Holmewode
644 1889 742 1933 iam
764 1887 893 1933 infra
921 1902 1109 1947 paucos
1132 1900 1289 1932 annos
1313 1885 1567 1942 succisos,³
1599 1887 1650 1931 in
1684 1888 1792 1931 toto
1815 1886 1956 1947 quasi
1979 1900 2070 1945 per
2091 1885 2325 1932 animalia

286 1952 624 2012 ingrediencia
656 1953 754 1997 iam
787 1950 939 1997 modo
974 1950 1211 2010 stirpibus
1245 1951 1622 1996 renascentibus
1650 1948 1953 2006 destruitur,⁴
1976 1963 2037 1995 eo
2061 1949 2199 2010 quod
2221 1963 2324 1995 non

287 2020 362 2062 est
384 2015 617 2062 clausum.

414 2080 537 2125 Item
575 2078 696 2124 dicit
731 2077 868 2140 quod
904 2077 1103 2124 solitum
1140 2078 1245 2124 erat
1281 2076 1470 2123 habere
1504 2077 1555 2122 in
1589 2077 1894 2122 monasterio
1917 2091 2070 2121 vnum
2103 2079 2324 2123 sutorem

285 2143 562 2201 sumptibus
597 2142 942 2187 communibus
979 2141 1158 2187 domus
1194 2143 1522 2187 sustentatum
1558 2140 1643 2202 qui
1682 2140 1943 2187 monachis
1982 2140 2034 2185 in
2073 2140 2235 2186 ocreis
2273 2142 2325 2186 et

285 2221 454 2251 earum
487 2204 849 2251 refeccionibus
882 2206 1104 2264 ipsorum
1138 2203 1500 2251 monachorum
1534 2204 1813 2263 sumptibus
1838 2203 2126 2262 deseruiret,
2153 2206 2203 2250 et
2224 2203 2324 2249 iam

286 2283 386 2315 non
410 2269 619 2314 habetur
642 2269 752 2314 talis
776 2283 869 2314 nec
892 2268 1170 2314 habebatur
1193 2283 1222 2314 a
1245 2267 1470 2328 pluribus
1492 2268 1650 2313 annis.

410 2331 556 2391 (Filia
599 2331 889 2393 Papilwyk.)
979 2332 1107 2377 Item
1147 2331 1269 2378 dicit
1307 2331 1444 2393 quod
1482 2330 1583 2376 filia
1626 2330 1883 2390 Papilwyk
1922 2330 2076 2376 habet
2114 2331 2323 2377 nimium

283 2410 537 2441 accessum
555 2395 619 2441 ad
643 2410 891 2441 cameram
915 2395 1036 2441 dicti
1059 2396 1214 2455 patris
1233 2396 1307 2441 sui
1330 2394 1459 2441 infra
1483 2395 1853 2451 monasterium,
1874 2408 1964 2454 per
1986 2394 2124 2456 quod
2147 2408 2321 2454 gener-

282 2461 390 2503 atur
414 2460 713 2504 monasterio
737 2458 1027 2505 scandalum
1052 2462 1101 2504 et
1124 2461 1481 2505 consumuntur
1503 2458 1604 2504 cibi
1633 2460 1682 2504 et
1704 2458 1802 2503 alia
1825 2458 2129 2518 monasterij.

412 2522 538 2567 Item
573 2522 698 2582 petit
731 2525 784 2567 vt
818 2522 1133 2582 dispensetur
1166 2537 1280 2569 cum
1315 2521 1575 2568 monachis
1598 2524 1651 2568 vt
1681 2521 1876 2581 possint
1899 2521 1968 2567 vti
1991 2521 2066 2567 lez
2089 2521 2323 2582 galagees

284 2584 334 2630 in
358 2584 586 2631 claustro.

411 2649 537 2694 Item
569 2648 695 2694 dicit
731 2648 867 2710 quod
904 2663 965 2695 ex
1001 2649 1148 2696 solito
1186 2663 1327 2696 more
1351 2651 1646 2695 consuetum
1671 2651 1746 2694 est
1770 2647 2082 2695 cellerarium
2104 2648 2184 2695 vel
2208 2649 2321 2695 sub-

284 2710 590 2757 cellerarium
612 2714 783 2758 tenere
818 2712 981 2758 aulam
1017 2712 1208 2759 abbatis
1244 2716 1294 2759 et
1331 2712 1557 2772 recipere
1594 2712 1820 2772 hospites
1855 2713 2039 2758 abbate
2073 2713 2281 2759 absente
2311 2729 2321 2770 ;

284 2773 445 2819 dictus
482 2775 699 2821 Bartone
735 2775 939 2821 dimissa
973 2776 1085 2821 aula
1120 2779 1259 2822 tenet
1294 2791 1544 2822 cameram
1580 2791 1720 2822 suam
1757 2776 1842 2822 vbi
1882 2777 2094 2822 seruitus
2129 2776 2224 2822 sibi
2258 2775 2324 2822 de

284 2836 581 2883 laucioribus
604 2839 727 2884 cibis
751 2842 801 2884 et
824 2839 1104 2899 hospitibus
1129 2840 1194 2886 de
1217 2839 1569 2886 mediocribus.

413 2900 539 2946 Item
563 2901 684 2947 dicit
707 2902 843 2963 quod
865 2903 1022 2948 abbas
1044 2903 1144 2949 iam
1166 2903 1340 2949 vltimo
1364 2902 1631 2949 defunctus
1655 2902 1781 2949 dixit
1805 2902 1942 2949 dicto
1968 2903 2187 2949 Bartone
2210 2903 2322 2962 ipso

285 2962 366 3008 die
389 2978 487 3024 quo
512 2964 673 3010 dictus
695 2966 851 3011 abbas
875 2966 1103 3024 decessit,
1132 2967 1236 3012 ‘Tu
1259 2981 1513 3028 nunquam
1536 2966 1672 3012 fuisti
1706 2966 1868 3012 fidelis
1891 2967 1942 3011 in
1965 2966 2132 3028 aliquo
2156 2966 2322 3013 officio

283 3040 382 3086 quo
405 3028 596 3084 stetisti,
622 3028 711 3075 sed
735 3029 775 3074 si
799 3029 1073 3076 secundum
1096 3034 1148 3076 te
1170 3030 1402 3076 fecissem
1427 3044 1528 3076 non
1554 3029 1854 3076 dimisissem
1887 3030 1984 3076 isto
2020 3030 2102 3076 die
2136 3030 2187 3076 in
2221 3030 2319 3076 isto

285 3092 583 3136 monasterio
607 3106 700 3138 nec
722 3093 953 3139 iuuenem
976 3108 1070 3140 nec
1094 3093 1296 3140 senem.’

289 3214 297 3221 ·
413 3153 538 3199 Item
574 3154 696 3200 dicit
729 3155 865 3216 quod
899 3156 1062 3203 dictus
1098 3157 1317 3204 Bartone
1350 3156 1555 3204 abstulit
1587 3157 1651 3202 ab
1674 3156 1770 3203 isto
1797 3156 1928 3203 Hale
1950 3157 2108 3215 inuito
2132 3159 2324 3204 certum

285 3220 644 3263 incrementum
668 3219 803 3279 quod
837 3219 956 3265 dum
992 3222 1258 3280 occupauit
1290 3220 1511 3268 officium
1543 3220 1853 3280 pietanciarij
1891 3257 1901 3268 .
1937 3255 1947 3265 .
1986 3257 1996 3267 .
2034 3257 2044 3268 .
2081 3220 2225 3267 rauit‘5
2258 3220 2324 3267 de

388 3315 399 3338 ¹
427 3317 493 3353 Sic
508 3331 521 3353 .·
549 3317 607 3355 for
634 3319 777 3356 habent.

386 3365 402 3388 ²
428 3367 518 3404 Sic:
546 3368 605 3405 for
625 3372 857 3420 prorumpit.

386 3416 402 3440 3
428 3418 488 3456 Sic
507 3430 515 3454 :
545 3418 604 3456 for
620 3423 819 3458 succisum.

385 3468 399 3492 ⁴
425 3469 546 3507 eodem
574 3471 790 3510 cancelled.

386 3518 401 3542 ⁵
430 3518 516 3559 The
535 3519 617 3558 first
635 3531 724 3572 part
742 3522 784 3559 of
809 3523 887 3561 this
905 3525 1012 3563 word
1031 3525 1064 3563 is
1083 3526 1253 3578 entirely
1272 3527 1364 3566 lost.
1420 3528 1602 3578 Possibly
1620 3529 1861 3579 recuperauit
1879 3541 1922 3566 or
1938 3529 2188 3580 comparauit.

386 3589 397 3613 ¹
427 3590 588 3649 Similar
605 3593 764 3641 neglect
781 3606 860 3631 was
879 3594 946 3632 the
964 3609 1079 3635 cause
1099 3598 1141 3634 of
1157 3612 1205 3635 an
1226 3599 1446 3648 injunction
1468 3600 1519 3648 by
1539 3599 1684 3651 bishop
1703 3599 1812 3649 Gray
1831 3613 1839 3637 :
1870 3612 1934 3639 see
1962 3601 2180 3638 Vm'tations
2197 3609 2225 3646 1,
2243 3612 2280 3649 4.

383 3640 400 3663 ²
429 3642 537 3700 ngh
558 3644 671 3681 boots
689 3645 878 3695 covering
897 3655 983 3694 part
1002 3648 1044 3684 of
1068 3649 1137 3686 the
1156 3650 1234 3699 leg.
1289 3650 1365 3688 See
1393 3650 1611 3689 Visz'tations
1628 3659 1655 3699 1,
1679 3661 1739 3697 32.

378 3691 628 3751 J.Pap1lwyk
648 3697 884 3746 apparently
904 3710 981 3734 was
1007 3699 1134 3737 either
1152 3714 1175 3737 a
1195 3702 1258 3750 lay
1276 3710 1436 3739 servant
1463 3702 1552 3739 who
1580 3715 1657 3740 was
1684 3703 1834 3752 lodged
1861 3703 1902 3740 in
1931 3703 1998 3740 the
2027 3713 2254 3752 monastery
2282 3715 2326 3741 or

284 3754 358 3779 was
376 3756 415 3800 ¹.¹¹
436 3753 585 3795 receipt
603 3745 644 3782 of
670 3746 789 3803 board
808 3748 885 3784 and
903 3747 1072 3798 lodging
1089 3764 1131 3787 as
1150 3751 1211 3788 his
1229 3753 1410 3801 corrody.
1464 3752 1553 3791 One
1572 3754 1614 3791 of
1630 3754 1697 3791 the
1715 3766 1929 3791 numerous
1947 3753 2183 3791 tomb-slabs
2198 3753 2323 3792 which

283 3805 430 3831 remam
450 3804 490 3831 at
511 3795 695 3854 Bardney
713 3810 746 3834 is
764 3797 852 3834 that
870 3798 911 3836 of
938 3799 1061 3837 Maud
1082 3802 1301 3852 (Matilda),
1320 3804 1406 3841 wife
1427 3804 1468 3841 of
1493 3803 1671 3842 William
1693 3805 1890 3855 Papylky,
1911 3805 2000 3843 who
2018 3805 2111 3842 died
2143 3815 2186 3843 11
2210 3805 2320 3855 May,

286 3853 380 3892 1433
404 3846 543 3893 (Assoc.
566 3847 715 3885 Arclnt.
735 3848 815 3886 Soc.
832 3849 993 3899 Reports
1011 3858 1144 3898 XXXII,
1163 3855 1269 3902 405).
1315 3856 1323 3874 ‘
1339 3854 1520 3905 Papylky
1533 3858 1541 3871 ’
1561 3856 1705 3894 should
1723 3856 1930 3895 doubtless
1949 3857 1995 3894 be
2014 3861 2024 3878 ‘
2039 3856 2290 3908 Papylwyk'.
