2488 4296
309 397 425 469 184
766 395 1254 453 ALNWICK'S
1338 396 1901 456 VISITATIONS

304 567 445 598 sacra
484 553 734 611 theologia
775 551 1110 607 bacallarium,
1153 555 1446 613 sequentem
1491 553 1588 599 hoc
1635 554 1819 611 thema,
1869 559 1878 577 ⁴
1902 555 2014 602 Hec
2054 559 2128 602 est
2163 559 2355 606 ciuitas¹

300 615 653 671 visitacionis*
677 619 769 662 etc.
839 615 949 674 Quo
985 614 1138 671 finito,
1164 616 1401 674 priorissa
1437 616 1534 662 loci
1571 617 1801 662 liberauit
1825 618 1963 664 dicto
1987 619 2193 667 domino
2218 637 2350 669 com—

303 680 529 725 missario
565 678 971 724 certificatorium
1009 679 1230 724 mandati
1268 679 1458 724 domini
1482 680 1576 725 sibi
1608 695 1700 739 pro
1725 681 1819 726 hac
1843 682 2134 729 visitacione
2159 685 2350 742 directi,

301 743 440 788 3111113
463 746 608 788 13301·
631 743 743 787 13113
767 745 856 798 331,
884 742 1216 787 ‘Reuerendo
1254 742 1305 787 in
1344 742 1544 788 Christo
1582 743 1742 802 patri,'
1781 747 1874 790 etc.
1902 762 1911 800 ;
1948 746 2038 791 sed
2075 761 2187 792 cum
2222 748 2352 796 lecta

301 806 394 850 fuit
412 807 640 864 primitus
656 806 943 851 commissio
959 804 1080 851 dicti
1096 805 1286 850 domini
1303 806 1630 851 commissarii
1647 811 1696 852 et
1711 807 1866 853 nichil
1882 808 2019 854 dicto
2035 813 2210 856 contra
2225 826 2350 869 eam,

299 870 434 915 idem
459 869 691 914 dominus
714 869 1086 914 commissarius
1121 869 1339 927 suscepit
1372 869 1423 914 in
1448 883 1502 914 se
1525 871 1872 917 auctoritatem
1897 872 1991 916 sibi
2014 875 2348 932 commissam,

299 935 348 978 et
385 933 731 991 preconizatis,
758 933 921 978 citatis
955 934 1004 977 et
1027 933 1435 990 comparentibus
1465 933 1514 992 xj
1540 933 1589 977 in
1615 948 1837 988 numero,
1863 935 2098 993 priorissa
2123 938 2350 984 exhibuit

296 995 740 1041 confirmacionem
765 996 1032 1041 eleccionis
1057 1010 1142 1040 sue
1167 995 1350 1040 factam
1375 997 1671 1042 auctoritate
1697 997 1887 1042 domini
1911 998 2166 1056 willelmi,
2192 1016 2350 1061 nuper

300 1059 664 1105 Lincolniensis
703 1060 942 1117 episcopi,
968 1073 1057 1117 per
1090 1059 1381 1117 magistrum
1417 1059 1666 1104 Thomam
1703 1060 1906 1107 Warde.
1978 1062 2147 1108 Nichil
2181 1066 2349 1111 tamen

296 1123 522 1168 exhibuit
559 1122 623 1168 de
659 1122 1017 1178 installacione,
1045 1122 1178 1167 vnde
1216 1122 1368 1168 habet
1406 1122 1539 1168 diem
1576 1123 1712 1184 Jouis
1736 1127 1850 1182 post
1872 1125 2063 1185 Jacobi³
2089 1126 2349 1175 Lincolnie

294 1186 359 1231 ad
397 1186 744 1233 exhibendum
778 1185 1081 1231 sufficienter
1121 1185 1185 1231 de
1225 1185 1583 1232 installacione.
1655 1187 1898 1233 Exhibuit
1938 1189 2097 1234 eciam
2138 1190 2348 1238 ratifica-

296 1251 493 1295 cionem
517 1250 758 1295 Willelmi
783 1248 869 1294 filii
910 1249 1117 1295 Roberti
1142 1248 1206 1294 de
1246 1249 1554 1303 Lekeburne,
1581 1249 1862 1296 fundatoris
1899 1251 2011 1307 loci,
2037 1256 2088 1297 vt
2111 1253 2175 1299 de
2194 1254 2346 1301 dona-

294 1314 440 1359 cione
464 1313 606 1358 fundi
631 1316 680 1358 et
704 1314 784 1358 siti
809 1312 1080 1372 priorisse.⁴¹
1148 1312 1391 1357 Exhibuit
1415 1314 1574 1358 eciam
1598 1315 1780 1358 statum
1805 1315 1984 1360 domus
2007 1318 2058 1360 vt
2082 1319 2178 1362 stat
2200 1333 2346 1375 nunc,

294 1380 346 1422 vt
370 1377 556 1432 dicunt,
583 1376 672 1422 sed
698 1390 797 1421 non
822 1391 976 1422 onera
999 1390 1176 1431 3113113,
1198 1378 1289 1421 etc.
1329 1376 1527 1422 Deinde
1545 1377 1725 1422 iurauit
1743 1378 1980 1436 priorissa
1998 1379 2347 1427 obedienciam

293 1441 343 1485 in
368 1440 530 1486 forma
549 1415 804 1486 bonsueta.
877 1439 1075 1485 Deinde
1098 1440 1336 1511 priorissa
1359 1439 1640 1486 examinata
1664 1440 1786 1486 dicit
1809 1456 1868 1487 ea
1891 1456 1987 1503 que
2010 1447 2257 1491 secuntur.

425 1504 641 1549 Domina
663 1503 891 1564 Johanna
912 1503 1232 1558 Poluertofte,
1253 1503 1502 1562 priorissa
1524 1504 1804 1550 examinata
1823 1505 1945 1551 dicit
1961 1506 2099 1566 quod
2117 1509 2344 1567 tempore

295 1566 697 1613 confirmacionis
721 1570 770 1612 et
793 1567 1151 1612 installacionis
1175 1581 1261 1611 sue
1286 1566 1464 1612 domus
1487 1566 1895 1613 indebitabatur
1883 1584 1934 1614 1n
1957 1568 2060 1629 lxiij
2087 1570 2136 1625 Iz,
2163 1574 2212 1616 et
2244 1572 2343 1617 13111

293 1631 487 1676 solum
477 1647 527 1676 1n
551 1631 653 1691 xiiij
680 1631 730 1677 li.
796 1631 987 1676 Tamen
1013 1630 1128 1691 quia
1152 1631 1307 1675 status
1331 1629 1510 1675 domus
1534 1645 1634 1676 non
1658 1633 1733 1676 est
1755 1631 1903 1690 plene
1927 1635 2169 1691 0313113113,
2190 1634 2343 1681 habet

293 1695 562 1740 crastinum
586 1694 720 1740 diem
743 1694 808 1739 ad
835 1694 1032 1740 Louthe
1054 1693 1119 1739 ad
1144 1693 1339 1752 plenius
1361 1693 1745 1740 ostendendum.

423 1758 550 1804 Item
591 1757 714 1803 dicit
753 1757 890 1819 quod
929 1756 1135 1818 quidam
1175 1756 1410 1802 dominus
1453 1757 1690 1811 ThomaS,
1733 1758 2019 1818 capellanus
2062 1763 2339 1819 pretensus,

291 1835 546 1893 occupans
585 1821 804 1867 officium
845 1820 1090 1880 capellani
1129 1820 1432 1879 parochialis
1474 1821 1524 1866 in
1573 1821 1840 1880 Legburne
1884 1837 1974 1881 per
2017 1824 2340 1872 medietatem

289 1885 421 1940 anni,
446 1884 694 1930 admissus
729 1899 818 1944 per
855 1885 1015 1944 ipsam
1052 1884 1342 1955 priorissam
1367 1886 1416 1930 et
1440 1898 1541 1930 non
1565 1884 1708 1930 aliter
1730 1885 2034 1942 licenciatus,
2060 1888 2340 1946 predicauit

289 1949 339 1993 in
377 1949 590 1994 33313313
627 1948 946 1994 conuentuali
985 1951 1034 1993 et
1072 1948 1230 1993 eciam
1267 1947 1543 2007 paiochiali
1580 1947 1784 2004 ibidem,
1824 1951 1934 2006 etc,
1959 1953 2010 1996 et
2045 1951 2168 1997 dicit
2201 1952 2338 2013 quod

290 2012 613 2071 reputabatur
636 2013 847 2058 nacione
871 2011 1062 2057 Scotus.

420 2075 637 2121 Domina
672 2075 900 2137 Johanna
939 2076 1224 2134 Fraunceys
1260 2074 1382 2120 dicit
1418 2074 1555 2146 quod
1591 2074 1812 2137 quelibet
1848 2077 2077 2122 monialis
2101 2077 2254 2125 habet
2285 2078 2336 2124 in

290 2139 372 2185 die
410 2139 576 2185 vnum⁵
612 2148 807 2198 panem,
846 2153 995 2184 vnam
1031 2138 1269 2198 potellam
1308 2138 1533 2194 ceruisie,
1571 2154 1722 2184 vnum
1761 2153 1969 2199 porcum
2009 2155 2099 2199 per
2132 2156 2332 2198 annum,

283 2203 452 2263 xviijcl.
491 2203 556 2248 ad
593 2217 768 2248 carnes
805 2203 1029 2259 bouinas,
1055 2202 1281 2288 quolibet
1318 2201 1400 2247 die
1437 2202 1486 2247 in
1525 2175 1761 2248 ⁹Aduentu
1785 2205 1834 2249 et
1873 2203 2267 2277 Quadragesima
2300 2206 2332 2266 ij

287 2267 469 2312 alleces
507 2270 555 2312 et
592 2266 847 2312 modicum
885 2265 1121 2311 butirum⁶
1143 2267 1194 2311 in
1232 2268 1389 2311 estate
1426 2268 1475 2310 et
1511 2266 1818 2328 aliquando
1806 2267 1839 2326 1j
1878 2269 2046 2326 petras
2081 2269 2212 2315 casei
2245 2283 2335 2329 per

285 2345 469 2375 annum
494 2333 543 2375 et
568 2330 700 2390 viijd
727 2344 816 2388 per
839 2344 1023 2375 annum
1047 2329 1113 2375 ad
1139 2331 1386 2375 vesturam
1411 2332 1460 2374 et
1485 2343 1585 2375 non
1609 2330 1735 2388 plus.

416 2394 542 2439 Item
567 2394 690 2439 (11311
713 2393 851 2454 quod
873 2393 1087 2438 vicarius
1111 2392 1175 2439 de
1202 2392 1398 2438 Louthe
1421 2395 1497 2438 est
1520 2393 1778 2439 confessor
1804 2407 1895 2453 pro
1921 2396 2207 2452 conuentu?
2230 2410 2332 2442 non

284 2472 373 2516 per
398 2457 655 2503 dominum
682 2456 950 2516 deputatus
977 2455 1041 2502 de
1065 2470 1165 2518 quo
1189 2456 1269 2501 isti
1293 2458 1521 2502 constat:

414 2521 540 2566 Item
578 2520 701 2566 dicit
736 2519 873 2582 quod
911 2519 1079 2579 plures
1116 2519 1181 2565 de
1217 2519 1474 2579 parentela
1514 2520 1750 2579 priorisse
1791 2497 1981 2566 habent
2019 2521 2334 2584 frequentem

282 2599 539 2630 accessum
562 2584 628 2629 ad
652 2584 960 2643 prioratum:
997 2583 1155 2630 nescit
1177 2586 1345 2629 tamen
1369 2598 1431 2628 an
1456 2582 1635 2629 domus
1658 2598 1748 2643 per
1771 2583 1869 2630 hoc
1892 2587 2137 2632 oneretur.

412 2648 629 2693 Domina
665 2647 893 2708 Johanna
928 2646 1120 2707 Gyney,
1158 2647 1209 2692 in
1245 2646 1434 2692 familia
1474 2661 1587 2692 cum
1626 2648 1876 2706 priorissa,
1915 2647 2108 2695 habens
2140 2652 2333 2698 tantum

281 2711 537 2757 esculenta
561 2711 625 2756 de
650 2710 803 2757 domo
827 2713 878 2756 et
901 2710 1056 2756 nichil
1080 2711 1278 2769 penitus
1301 2710 1367 2755 ad
1391 2713 1654 2756 vesturam.

412 2776 538 2820 Item
577 2774 698 2820 dicit
734 2773 871 2835 quod
908 2774 1158 2833 priorissa,
1182 2775 1449 2835 postquam
1486 2774 1677 2833 recepit
1701 2773 1992 2820 mandatum
2016 2775 2207 2822 domini
2241 2792 2334 2837 pro

283 2839 588 2894 visitacione,
615 2838 914 2884 conuocauit
938 2835 1210 2896 capitulum
1234 2840 1285 2883 et
1309 2837 1435 2882 dixit
1459 2838 1499 2882 si
1523 2837 1645 2898 quid
1669 2837 1747 2883 foi
1751 2840 1799 2883 et
1823 2838 1952 2883 inter
1976 2853 2059 2884 eas
2083 2841 2332 2900 corrigen-

386 2950 398 2974 1
427 2950 590 2987 Altered
619 2949 717 2986 from
744 2950 927 2987 ciuitatis.

381 3001 397 3024 2
423 3001 501 3045 Jer.
522 3011 582 3041 vl,
603 3001 640 3038 6.
695 2999 783 3037 The
811 3010 985 3048 context,
1004 3000 1035 3037 if
1064 2999 1182 3037 dwelt
1215 3012 1265 3036 on
1285 3000 1338 3049 by
1368 2999 1545 3047 Duffeld,
1565 2999 1744 3038 afforded
1763 3013 1815 3037 no
1833 2999 1966 3048 bright
1987 3012 2171 3051 prospect
2198 3013 2240 3040 to
2267 3004 2334 3040 the

282 3055 429 3103 priory.

383 3105 397 3128 ³
427 3106 505 3142 Sic.

381 3157 396 3180 ⁴
425 3156 515 3194 Sic:
546 3157 603 3192 for
625 3155 839 3205 prioratus.

380 3207 395 3230 ⁵
421 3209 482 3245 die
512 3206 725 3244 cancelled.

378 3259 393 3282 Β
421 3271 503 3295 nesc
530 3257 747 3296 cancelled.

379 3310 394 3335 ⁷
421 3311 522 3347 alias
550 3308 766 3346 cancelled.

382 3381 394 3405 ¹
424 3380 490 3417 No
509 3379 644 3417 record
664 3379 706 3415 of
729 3379 798 3416 the
816 3378 1090 3416 confirmation
1110 3379 1305 3416 remains:
1337 3389 1402 3414 see
1433 3377 1643 3415 Vist'tations
1663 3385 1691 3423 1,
1718 3377 1800 3415 160.
1874 3377 1950 3415 For
1983 3378 2157 3416 Thomas
2187 3377 2333 3416 Warde

277 3445 343 3470 see
365 3432 454 3469 ibid
477 3439 503 3470 1
527 3440 560 3476 3,
580 3439 673 3467 note
699 3440 728 3473 1,
748 3430 866 3467 and
849 3438 935 3476 15.

378 3484 394 3507 2
423 3483 468 3518 28
501 3481 607 3530 July,
631 3491 740 3528 1440.

379 3533 394 3557 3
421 3533 521 3570 This
540 3531 791 3575 ratification,
812 3531 895 3568 said
916 3540 958 3568 to
977 3532 1024 3569 be
1043 3531 1248 3568 delivered
1275 3530 1456 3579 verbally
1489 3531 1541 3580 by
1573 3529 1748 3568 William
1781 3531 1819 3567 in
1853 3531 1922 3568 the
1954 3531 2134 3572 chan-ter
2137 3530 2262 3568 house
2295 3542 2336 3567 31

277 3586 516 3633 Legbourne
549 3596 598 3620 on
634 3583 701 3620 the
735 3583 813 3632 day
846 3583 888 3619 of
917 3582 978 3619 his
1010 3582 1174 3619 father’s
1211 3581 1378 3627 funeral,
1415 3582 1447 3618 is
1480 3581 1637 3630 printed
1669 3581 1854 3628 together
1886 3582 1981 3620 with
2015 3574 2076 3619 1113
2107 3582 2261 3619 31131131
2292 3582 2331 3619 in

275 3637 505 3674 Monasttcon
530 3642 571 3679 v,
591 3634 679 3680 634-
688 3642 720 3681 5,
741 3634 839 3670 from
859 3633 926 3670 1113
945 3633 1173 3683 chartulary
1192 3632 1346 3670 which'
1338 3645 1376 3669 13
1401 3633 1498 3679 1649
1517 3645 1594 3669 was
1614 3632 1650 3668 13
1673 3632 1739 3669 1113
1759 3633 1987 3681 possession
2015 3633 2057 3669 of
2087 3634 2140 3670 sir
2171 3632 2329 3682 George

279 3687 487 3734 Heneage.

377 3738 392 3760 ⁴
419 3736 475 3774 Of
492 3737 559 3773 the
578 3748 784 3773 surnames
803 3735 845 3772 of
861 3735 928 3772 the
949 3747 1066 3779 nuns,
1088 3745 1179 3780 two,
1202 3734 1366 3784 Otteley
1381 3732 1538 3783 (Otley)
1554 3734 1629 3771 and
1649 3734 1839 3783 Kyghley
1856 3733 2089 3783 (Keighley)
2104 3746 2214 3771 come
2230 3734 2329 3771 from

271 3789 338 3826 the
370 3787 482 3824 West
512 3787 643 3835 riding
674 3786 715 3823 of
741 3785 971 3823 Yorkshire.
1035 3785 1220 3823 Multone
1243 3785 1478 3834 (Moulton),
1495 3785 1567 3833 Bly
1560 3797 1667 3823 tone
1687 3785 1779 3834 (Bly
1786 3795 1853 3822 ton
1872 3797 1966 3822 near
1985 3784 2327 3833 Gainsborough),

274 3838 498 3887 Fresshney
530 3838 610 3874 and
643 3837 768 3887 Stayn
802 3836 934 3884 (Stain
967 3849 1062 3875 near
1093 3836 1249 3886 Alford)
1283 3848 1349 3873 are
1386 3836 1662 3876 Lincolnshire
1700 3849 1848 3876 names,
1917 3835 1993 3873 For
2013 3835 2229 3887 Papelwyk
2261 3848 2327 3875 see
