2476 4412
280 462 354 520 27
761 437 1246 499 ALNWICK'S
1329 433 1845 493 VISITATION

280 602 527 648 Thomam
545 601 760 646 Bartone
774 600 891 642 tunc
906 595 1084 641 iniuste
1099 593 1372 652 expulsum,
1389 590 1645 652 inquisiuit
1659 589 1723 634 ab
1738 588 1921 635 abbate
1936 588 1976 634 si
1991 603 2105 635 rece
2113 587 2309 650 [perat]

280 665 507 711 litteram.
589 662 723 708 Dicit
747 659 883 722 quod
907 659 991 704 sic.
1075 657 1231 702 Peciit
1265 657 1443 701 iterato
1479 669 1544 699 an
1578 652 1849 698 admiserat
1885 651 2075 698 dictum
2108 652 2315 698 fratrem

278 728 538 773 Thomam.
610 725 742 770 Dicit
778 722 914 784 quod
950 735 1064 766 non.
1149 719 1433 780 Requisitus
1469 717 1535 763 ob
1572 730 1723 777 quam
1759 730 1975 771 causam,
2014 715 2138 761 dicit
2169 714 2313 777 quod

283 789 580 850 Langto[fte
618 787 692 848 et]
734 786 902 832 Yorke
924 786 1166 829 venerunt
1188 782 1254 828 ad
1276 782 1440 841 ipsum
1463 779 1698 826 abbatem
1723 779 1925 824 nomine
1948 779 2171 825 omnium
2195 793 2312 825 con-

279 853 499 908 fratrum,
538 851 761 896 dicentes
791 849 988 908 penitus
1017 845 1153 908 quod
1187 859 1287 891 non
1321 844 1681 890 admitteretur.
1744 841 1885 887 York
1923 841 2046 888 dicit
2084 842 2221 904 quod
2253 856 2317 888 eo

285 914 472 977 [quod]
504 915 720 960 Bartone
743 910 1027 957 diffamatus
1051 912 1156 955 erat
1180 908 1253 954 de.
1267 907 1402 954 halte
1419 909 1654 952 tresoune
1672 907 1723 951 et
1739 904 2079 952 fabricacione
2099 908 2315 961 monete,

280 993 379 1025 non
402 976 670 1024 audebant¹
691 975 956 1021 admittere
992 987 1118 1030 eum,
1144 986 1207 1018 ne
1232 974 1281 1017 et
1316 971 1411 1030 ipsi
1435 984 1584 1029 super
1609 969 1708 1016 hoc
1755 1003 1764 1014 .
1818 995 1841 1013 .>
1880 1003 1891 1014 .
1942 971 1993 1015 et
2028 969 2101 1016 sic
2136 969 2231 1029 ipsi
2266 971 2317 1015 et

279 1041 632 1088 monasterium
654 1039 952 1085 lederentur.

407 1105 533 1150 Item
570 1102 691 1148 dicit
734 1101 890 1147 abbas
926 1100 1062 1162 quod
1099 1101 1364 1160 postquam
1404 1097 1475 1142 sic
1516 1095 1739 1142 secundo
1775 1095 2011 1156 expulsus
2055 1094 2218 1143 fuerat
2250 1095 2316 1142 de

280 1167 592 1222 monasterio,
618 1165 821 1226 quidam
858 1163 922 1209 de
956 1162 1291 1209 confratribus
1326 1160 1583 1220 fregerunt
1618 1173 1868 1206 cameram
1903 1159 2059 1219 ipsius
2096 1160 2317 1206 Bartone

285 1229 388 1291 [in]
417 1229 683 1275 infirmaria
708 1245 716 1284 ;
753 1230 802 1273 et
826 1227 947 1272 dicit
971 1226 1108 1288 quod
1134 1225 1378 1285 Parteney
1401 1224 1500 1270 hoc
1523 1222 1738 1270 fecisset.
1809 1222 1962 1269 Dicit²
1983 1224 2317 1282 interrogatus

279 1293 414 1355 quod
438 1293 535 1338 hoc
559 1306 658 1337 non
682 1291 813 1336 fecit.

406 1356 650 1401 Dominus
688 1354 879 1399 monuit
922 1352 1158 1398 abbatem
1196 1350 1332 1411 quod
1377 1350 1649 1397 satisfaciat
1695 1350 1915 1396 Bartone
1959 1365 2052 1410 pro
2096 1349 2318 1411 qualibet

278 1420 552 1479 septimana
575 1433 670 1478 qua
693 1416 845 1463 stetit³
867 1416 931 1462 de
955 1429 1044 1461 suo
1068 1415 1306 1461 mandato
1330 1414 1465 1474 apud
1490 1412 1837 1475 Belue[rum]‚
1862 1414 2016 1474 xiiijd.

406 1482 661 1527 Iniunccio
685 1480 748 1526 de
773 1479 1030 1526 seruandis
1053 1482 1103 1525 et
1126 1478 1438 1525 resoluendis
1460 1478 1687 1538 pecuniis
1710 1492 1812 1524 non
1835 1480 2073 1524 seruatur.

405 1546 647 1605 Parteney
669 1542 1002 1603 interrogatus
1024 1556 1177 1604 quare
1202 1542 1467 1588 occasione
1490 1542 1848 1602 premissorum
1884 1576 1894 1587 .
1931 1579 1941 1588 .
1979 1540 2009 1588 ,⁴

406 1672 576 1717 Frater
594 1670 874 1717 Willelmus
892 1669 1176 1729 Langtofte⁵
1191 1669 1383 1715 habens
1397 1669 1592 1715 clauem
1610 1667 1840 1715 custodie
1857 1668 2004 1729 sigilli
2023 1667 2314 1716 communis.

407 1736 578 1781 Frater
600 1734 881 1780 Willelmus
904 1732 1190 1794 XVaynflete
1215 1734 1460 1792 supprior.

408 1799 579 1845 Frater
606 1798 853 1844 Henricus
880 1797 1120 1843 Lincolne
1144 1800 1424 1856 precentor.

407 1862 579 1908 Frater
600 1861 851 1923 Johannes
878 1860 1022 1907 Hole.

407 1926 493 1971 Isti
531 1928 739 1986 quatuor
775 1927 889 1984 post
924 1924 1190 1970 matutinas
1221 1923 1502 1970 habuerunt
1537 1922 1888 1969 conuenticula
1922 1923 1974 1969 in
2008 1922 2244 1984 capitulo,
2268 1925 2320 1970 et

280 1987 708 2050 re[manentibus]
753 1987 1020 2047 Langtofte
1057 1990 1107 2033 et
1141 1986 1443 2047 Waynfiete,
1481 1987 1562 2047 alij
1606 1987 1707 2032 duo
1746 1986 2082 2034 ascenderunt
2118 1987 2170 2033 in
2210 1986 2317 2033 the-

280 2050 624 2113 saur[ariam].
709 2052 833 2097 Sunt
868 2055 968 2097 tres
1003 2051 1183 2108 claueS,
1222 2066 1432 2112 quarum
1472 2051 1596 2096 duas
1635 2050 1789 2096 habet
1826 2051 1984 2096 abbas
2023 2054 2073 2097 et
2110 2051 2319 2097 terciam

282 2114 623 2176 Lang[tofte].
714 2115 955 2160 Lincolne
1000 2118 1049 2160 et
1097 2114 1231 2160 Hole
1275 2114 1553 2174 sigillarunt
1598 2114 1738 2160 albas
1783 2117 1945 2160 cartas
1989 2115 2039 2160 in
2084 2114 2134 2176 ly
2169 2113 2320 2161 Clerk

279 2179 405 2225 hous
439 2193 467 2224 e
505 2213 512 2223 .
1419 2188 1422 2190 ’

404 2178 575 2288 ἷζῑέιῒεῑ
610 2241 830 2288 Thomas
867 2243 1087 2288 Bartone
1123 2241 1414 2302 principalis
1449 2244 1623 2288 auctor
1660 2244 1710 2287 et
1748 2240 1912 2288 fautor
1946 2242 2171 2289 omnium
2206 2255 2316 2302 pre·

279 2320 550 2351 missorum.

848 2407 1283 2447 iNmNccioNEs
1365 2385 1744 2447 BARDENEY.⁶

944 2486 1095 2548 [Reg.
1131 2486 1229 2533 vol.
1264 2499 1410 2545 xvin,
1446 2486 1514 2533 fo.
1552 2484 1657 2548 37.]

402 2587 695 2645 willelmus,
722 2592 831 2645 etc.,
857 2590 1051 2636 dilectis
1074 2589 1187 2636 filiis
1222 2592 1272 2636 et
1294 2590 1464 2636 abbati
1490 2592 1538 2636 et
1565 2590 1719 2649 priori
1744 2589 1944 2636 claustri
1967 2603 2026 2635 ac
2050 2590 2318 2636 conventui

279 2653 560 2712 monasterij
582 2652 646 2699 de
665 2653 940 2714 Berdeney,
961 2654 1151 2699 ordinis
1169 2655 1327 2699 sancti
1352 2653 1630 2710 Benedicti,
1650 2656 1819 2699 nostre
1842 2652 2072 2710 diocesis,
2093 2653 2316 2711 salutem,

279 2716 371 2759 etc.
421 2715 561 2761 Licet
583 2731 674 2761 nos
691 2716 825 2773 alias,
843 2717 959 2762 dum
979 2717 1285 2763 visitacionis
1303 2720 1474 2763 nostre
1491 2717 1743 2763 ordinarie
1761 2716 1927 2763 officio
1945 2717 1995 2762 in
2014 2717 2320 2763 monasterio

278 2780 442 2823 vestro
465 2779 693 2837 predicto
716 2780 1058 2840 fungebamur,
1084 2781 1213 2827 inter
1237 2784 1405 2827 cetera
1427 2781 1570 2840 plura
1592 2795 1683 2840 per
1706 2795 1798 2826 nos
1820 2780 1965 2826 vobis
1987 2781 2210 2827 iniuncta
2226 2779 2320 2826 sub

280 2854 410 2898 pena
445 2844 980 2890 excommunicacionis
1016 2845 1216 2890 maioris
1253 2845 1304 2889 in
1344 2845 1779 2890 contravenientes
1818 2843 2143 2901 fulminande,
2174 2843 2320 2890 vobis

277 2904 516 2950 vniuersis
561 2909 609 2951 et
657 2907 861 2966 singulis
906 2908 1187 2967 specialiter
1233 2908 1591 2954 iniunxerimus
1637 2910 1686 2962 et
1730 2907 2135 2954 mandauerimus
2180 2907 2319 2970 quod

281 2967 511 3013 monachi
537 2971 819 3030 monasterij
846 2971 975 3017 illius
1012 2971 1077 3017 de
1101 2974 1270 3017 cetero
1294 2970 1513 3017 habeant
1543 2972 1855 3018 minuciones
1878 2985 1992 3017 suas
2024 2970 2155 3017 infra
2177 2985 2316 3017 mon·

278 3031 510 3076 asterium
545 3032 666 3078 illud
702 3036 751 3079 et
786 3034 1052 3081 nullatinus
1075 3037 1128 3081 vt
1151 3035 1298 3081 solito
1322 3035 1457 3095 apud
1481 3035 1728 3096 Sutherey
1750 3035 1830 3081 vel
1852 3035 1972 3081 alibi
1996 3038 2138 3082 extra
2171 3038 2318 3096 septa

377 3141 390 3165 ¹
418 3155 459 3179 re
486 3143 698 3182 cancelled.

377 3191 394 3215 2
418 3194 516 3242 quod
539 3195 754 3234 cancelled.

375 3243 391 3267 ⁸
415 3245 467 3280 ad
491 3245 709 3283 cancelled.

375 3294 390 3317 ⁴
417 3294 610 3334 Sentence
638 3297 878 3338 unfinished.

294 3396 301 3403 ·
374 3345 389 3368 ⁵
417 3345 514 3383 This
545 3359 711 3396 passage
741 3362 875 3387 occurs
895 3363 944 3387 on
966 3351 1018 3389 fo.
1044 3353 1102 3398 16,
1122 3351 1189 3390 the
1209 3360 1395 3391 contents
1425 3354 1467 3391 of
1492 3352 1619 3391 which
1645 3365 1790 3403 appear
1808 3360 1851 3391 to
1869 3353 2017 3401 belong
2035 3362 2078 3391 to
2095 3351 2164 3391 the
2181 3352 2320 3391 visita·

274 3406 357 3434 tion
378 3396 420 3433 of
451 3406 626 3444 1439-40.
682 3399 769 3436 The
797 3401 1000 3439 visitation
1031 3402 1072 3440 of
1099 3402 1287 3449 October,
1311 3414 1420 3452 1440,
1450 3404 1579 3442 which
1609 3404 1775 3447 follows,
1794 3404 1989 3449 however,
2009 3404 2206 3442 indicates
2233 3403 2320 3442 that

276 3447 342 3485 the
362 3457 495 3496 report
524 3448 649 3485 which
677 3449 711 3507 ‘it
740 3452 920 3489 contains
950 3466 1022 3490 can
1051 3453 1192 3502 hardly
1213 3455 1312 3492 have
1342 3456 1439 3493 been
1460 3455 1575 3492 made
1593 3466 1636 3492 to
1655 3455 1723 3493 the
1743 3455 1884 3502 bishop
1904 3468 1946 3492 as
1963 3455 2074 3504 early
2093 3468 2136 3493 as
2166 3455 2317 3500 March,

281 3508 458 3547 1439-40,
482 3499 551 3557 but
570 3499 655 3536 that
675 3511 703 3537 it
722 3514 798 3537 was
818 3503 936 3540 noted
957 3504 1008 3553 by
1026 3504 1094 3541 the
1114 3505 1303 3554 registrar
1320 3507 1449 3544 either
1477 3506 1718 3543 immediatel
1778 3506 1920 3553 before,
1940 3519 1985 3544 or
2000 3519 2042 3543 as
2061 3519 2083 3543 a
2101 3508 2319 3556 summing·

276 3561 329 3606 up
339 3549 390 3607 'of
405 3550 472 3607 the
491 3550 678 3608 evidence
698 3552 883 3608 obtained
902 3563 954 3600 at,
974 3555 1039 3591 the
1057 3555 1262 3594 visitation
1283 3557 1325 3594 of
1341 3557 1529 3604 October,
1554 3567 1663 3604 1440.
1757 3557 1806 3594 he
1837 3567 1969 3606 report
1988 3557 2031 3594 of
2055 3556 2123 3594 the
2141 3556 2318 3596 October

274 3610 480 3658 visitatiori
499 3601 655 3658 begins,
675 3602 842 3640 without
859 3617 882 3640 a
901 3605 1049 3653 special
1078 3607 1267 3655 heading,
1288 3621 1338 3645 on
1358 3609 1409 3646 fo.
1438 3617 1495 3656 17,
1515 3608 1720 3657 following
1749 3608 1916 3657 directly
1937 3620 2043 3656 upon
2065 3607 2151 3645 that
2179 3610 2221 3646 of
2246 3608 2314 3647 the

277 3650 414 3688 March
445 3661 660 3699 viSitation‚
679 3665 734 3699 or,
753 3654 898 3700 rather,
920 3656 962 3692 of
988 3657 1038 3693 its
1065 3657 1204 3695 earlier
1223 3668 1310 3705 part
1330 3671 1338 3706 ;
1367 3659 1499 3707 while,
1518 3660 1577 3696 for
1605 3659 1674 3696 the
1693 3667 1774 3696 rest
1791 3659 1833 3696 of
1850 3659 1916 3697 the
1938 3658 2077 3696 March
2098 3660 2316 3705 visitati0n‚

275 3713 332 3739 we
350 3701 449 3739 have
470 3711 509 3739 to
527 3715 580 3751 go
601 3703 699 3762 back
718 3713 759 3740 to
777 3704 826 3742 fo.
855 3705 911 3750 16,
932 3719 1038 3764 upon
1057 3707 1182 3745 which
1202 3709 1280 3747 this
1295 3710 1516 3748 additional
1534 3710 1790 3747 information
1812 3722 1960 3748 occurs.
1988 3710 2075 3748 The
2093 3710 2316 3760 registrar's

274 3762 425 3801 reporis
444 3765 543 3790 were
561 3754 768 3804 obviously
787 3756 900 3793 made
918 3758 1088 3795 without
1105 3758 1168 3796 his
1183 3761 1293 3797 usual
1313 3774 1411 3806 care,
1427 3761 1504 3799 and
1524 3761 1592 3799 the
1607 3768 1750 3799 matter
1767 3761 1808 3798 of
1825 3762 1893 3798 the
1911 3761 2090 3800 October
2104 3761 2312 3800 visitation

275 3814 354 3840 was
371 3803 552 3860 reported
569 3817 676 3853 upon
697 3805 763 3842 the
783 3805 902 3844 blank
921 3820 1058 3856 spaces
1076 3809 1118 3846 of
1134 3810 1268 3849 sheets
1288 3813 1451 3861 already
1470 3813 1582 3850 used.
1639 3812 1709 3851 Fo.
1736 3812 1811 3850 16d
1827 3813 1858 3850 is
1877 3812 1948 3850 left
1968 3812 2103 3852 blank.

377 3854 393 3878 ὅ
421 3853 519 3891 This
538 3855 762 3904 document,
781 3857 907 3895 which
929 3871 1005 3896 was
1022 3860 1153 3898 issued
1173 3862 1211 3899 in
1231 3875 1505 3913 consequence
1525 3863 1566 3901 of
1582 3863 1649 3901 the
1670 3864 1873 3901 visitation
1893 3864 1934 3901 of
1953 3863 2107 3906 March.
2130 3873 2309 3915 1439·40,
