2476 4412
268 422 344 460 20
720 391 1202 454 ALNWICK'S
1285 386 1851 448 VISITATIONS

265 555 490 617 Johanne
517 553 644 599 Hert
665 565 757 611 pro
779 565 876 597 vna
899 549 1050 595 domo
1073 548 1124 593 in
1147 546 1284 593 dicto
1308 544 1474 592 officio
1497 543 1851 591 construenda.
1922 544 2180 591 Reddatur
2205 546 2300 592 sibi

269 618 493 665 debitum
517 630 671 661 suum.

395 681 521 725 Item
545 678 666 723 dicit
689 675 824 738 quod
847 675 981 720 idem
1007 674 1225 719 Bartone
1253 687 1367 718 cum
1393 671 1542 717 fuerit
1575 669 1710 730 apud
1746 671 2039 716 Bostoniam
2072 671 2152 717 vel
2187 672 2302 718 Lin-

268 742 481 789 colniam
516 742 566 786 in
601 740 859 799 presencia
894 737 1160 782 multorum
1195 735 1513 781 audiencium
1547 733 1767 779 detrahit
1799 733 1970 779 abbati
1995 737 2045 779 et
2066 734 2304 781 fratribus

268 806 367 851 suis
390 806 440 850 in
465 817 696 863 magnum
721 815 891 848 eorum
916 803 964 846 et
988 800 1273 859 monasterij
1300 797 1606 844 scandalum.
1676 797 1842 856 Negat
1866 797 2142 843 articulum.

396 869 521 913 Item
559 866 680 912 dicit
715 863 852 926 quod
889 863 1024 909 idem
1062 863 1279 908 Bartone
1308 876 1411 908 non
1433 862 1484 906 in
1509 860 1806 906 dormitorio
1830 860 1921 906 sed
1943 861 1995 906 in
2017 860 2301 920 infirmaria,

267 945 379 976 cum
403 930 521 976 satis
545 929 687 974 fortis
711 932 759 974 et
782 925 965 982 sanus‚1
986 926 1116 971 iacet
1139 925 1274 971 omni
1299 932 1460 971 nocte.

396 994 522 1039 Item
556 992 677 1037 dicit
710 989 846 1052 quod
880 989 1032 1035 frater
1065 988 1348 1034 VVillelmus
1373 986 1627 1047 Croyland
1650 988 1700 1032 et
1730 985 1883 1033 frater
1910 986 2160 1034 Henricus
2186 987 2300 1035 Lin-

265 1056 411 1102 colne
446 1057 560 1115 post
596 1053 975 1113 completorium
1014 1052 1280 1098 intendunt
1316 1051 1667 1111 potacionibus
1705 1049 1911 1096 diutinis
1945 1051 1997 1096 in
2035 1050 2303 1098 refectorio

266 1120 405 1180 quasi
428 1132 581 1179 vsque
605 1117 794 1162 medias
818 1118 1003 1162 noctes.

395 1213 566 1258 Frater
598 1211 836 1257 Ricardus
872 1210 1115 1270 Parteney
1139 1209 1262 1255 dicit
1285 1209 1349 1255 de
1374 1223 1459 1255 ere
1481 1209 1645 1255 alieno
1669 1211 1720 1255 et
1743 1209 1809 1255 de
1832 1209 1975 1256 ruina
1997 1211 2301 1271 monasterij,

265 1276 609 1331 maneriorum,
664 1287 994 1334 grangearum
1048 1276 1098 1318 et
1152 1272 1363 1318 aliorum
1416 1275 1818 1319 tenementorum
1873 1276 1923 1319 et
1978 1275 2302 1333 reparacione

266 1337 542 1385 necessaria
563 1337 794 1383 facienda
817 1339 868 1381 vt
891 1350 1050 1395 supra.

393 1402 519 1447 Item
543 1400 818 1462 dicitquod
840 1399 909 1445 ita
925 1414 1075 1458 parce
1094 1399 1304 1446 seruitur
1323 1398 1582 1445 monachis
1606 1401 1656 1445 in
1674 1399 1941 1446 refectorio
1961 1403 2010 1446 et
2032 1399 2302 1448 infirmaria

265 1464 400 1526 quod
423 1466 537 1524 post
559 1478 731 1510 eorum
754 1463 1088 1517 refeccionem
1111 1462 1265 1508 nichil
1289 1466 1512 1508 remanet
1535 1463 1600 1508 ad
1624 1463 1948 1510 elemosinam
1972 1466 2021 1509 et
2044 1465 2113 1510 ita
2147 1501 2156 1511 .
2192 1501 2203 1511 .
2240 1500 2250 1509 .
2289 1501 2298 1512 .

266 1562 276 1573 .
318 1564 327 1574 .
368 1562 377 1572 .
418 1562 426 1572 .
463 1527 697 1573 fundetur
733 1541 881 1585 super
915 1526 1151 1585 operibus
1184 1541 1329 1571 nunc.
1420 1526 1594 1572 Credit
1629 1527 1766 1589 quod
1802 1531 2008 1587 propter
2045 1527 2180 1574 hunc
2215 1528 2299 1575 de-

191 1619 196 1624 ·
263 1591 449 1637 fectum
474 1591 609 1636 Deus
632 1590 852 1635 immittit
874 1590 945 1635 eis
969 1589 1305 1635 dissensiones
1335 1592 1385 1635 et
1419 1589 1696 1636 discordias
1730 1594 1780 1636 et
1813 1592 1973 1637 eciam
2006 1592 2301 1650 parcitatem

264 1668 461 1700 annone
484 1657 533 1699 et
556 1653 723 1699 clades
745 1653 1044 1699 animalium.
1136 1653 1264 1698 Item
1300 1653 1423 1699 dicit
1458 1654 1595 1715 quod
1630 1654 1787 1700 abbas
1826 1654 2092 1701 defunctus
2127 1653 2303 1701 habuit

264 1717 330 1777 xij
356 1717 598 1774 scutellas,
622 1717 688 1776 xij
715 1719 947 1775 potagers
971 1720 1021 1762 et
1042 1717 1108 1776 xij
1135 1717 1337 1762 salsaria
1361 1717 1425 1762 de
1448 1721 1656 1776 argento
1682 1717 1746 1763 de
1769 1732 1902 1764 nouo
1926 1721 2109 1778 empta,
2130 1721 2180 1765 et
2201 1719 2301 1765 iam

265 1781 480 1827 nescitur
503 1780 585 1826 vbi
609 1783 720 1825 sunt
742 1797 751 1837 ;
778 1783 826 1825 et
851 1780 972 1825 dicit
994 1780 1131 1841 quod
1155 1779 1331 1825 habuit
1352 1795 1453 1826 xxx
1475 1782 1614 1840 paria
1636 1781 2007 1828 linthiaminum
2029 1782 2079 1827 in
2104 1797 2302 1829 camera

265 1859 364 1901 sua,
391 1847 439 1890 et
461 1844 559 1889 iam
583 1858 682 1889 non
706 1846 819 1888 sunt
842 1843 935 1888 nisi
959 1844 1193 1904 quinque.

392 1908 518 1952 Item
555 1906 676 1952 dicit
711 1907 847 1968 quod
883 1906 1036 1953 frater
1071 1907 1294 1953 Thomas
1333 1907 1552 1953 Bartone
1577 1908 1766 1955 dudum
1791 1910 1997 1955 sacrista
2021 1908 2302 1955 diffamauit

264 1970 411 2015 istum
437 1970 678 2030 Parteney
700 1972 818 2015 tunc
841 1970 1194 2016 subsacristam
1217 1970 1355 2032 quod
1388 1971 1495 2030 ipse
1519 1987 1668 2017 vnam
1692 1974 1867 2018 cistam
1890 1974 1941 2018 in
1966 1972 2131 2019 officio
2155 1972 2301 2019 effre-

263 2033 415 2092 gisset
438 2035 487 2079 et
510 2036 646 2079 certa
671 2034 802 2079 bona
820 2033 883 2079 de
906 2034 1015 2093 ipsa
1033 2035 1350 2094 surripuisset
1372 2051 1381 2091 ;
1408 2038 1458 2080 et
1481 2050 1595 2080 cum
1614 2050 1709 2081 vna
1731 2037 1841 2082 vice
1865 2036 2056 2082 dictum
2081 2037 2302 2083 Bartone

263 2111 410 2155 super
455 2097 550 2142 hoc
593 2097 937 2158 alloqueretur,
986 2097 1112 2143 dixit
1168 2098 1334 2144 ‘Tene
1378 2097 1637 2144 silencium
1653 2098 1679 2156 ’‚
1725 2100 1847 2145 alias
1905 2100 2060 2146 ‘Satis
2105 2100 2301 2147 habetis

263 2158 453 2205 facere'
477 2176 487 2206 ;
521 2161 646 2219 petit
667 2161 815 2220 igitur
838 2163 890 2205 vt
912 2162 1068 2219 possit
1090 2174 1304 2221 purgare
1327 2176 1380 2207 se
1404 2176 1552 2221 super
1576 2162 1676 2209 hoc
1698 2178 1867 2209 coram
1892 2163 2110 2210 domino.

392 2223 563 2268 Frater
585 2222 805 2269 Thomas
840 2224 1059 2270 Bartone
1091 2228 1144 2270 vt
1177 2240 1309 2271 nunc
1344 2225 1724 2272 subcellerarius
1759 2229 1809 2273 et
1842 2227 2218 2273 elemosinarius
2251 2229 2302 2274 et

262 2299 419 2345 nuper
454 2286 803 2345 pietanciarius
838 2287 1085 2333 subtrahit
1120 2304 1150 2334 a
1185 2291 1437 2335 conuentu
1472 2292 1634 2335 certas
1669 2292 2011 2350 prestaciones
2047 2306 2169 2353 quas
2192 2292 2301 2351 ipse

261 2350 523 2410 vnicuique
546 2351 827 2409 perciperet
850 2353 1104 2396 annuatim
1129 2352 1194 2398 de
1216 2353 1327 2412 ipso
1351 2352 1517 2398 officio
1540 2354 1865 2415 pietanciarij.

390 2413 516 2458 Item
553 2413 673 2459 dicit
708 2414 844 2475 quod
880 2415 1099 2461 cantarie
1136 2415 1200 2461 de
1240 2416 1610 2474 Hertesholme‚
1649 2417 1936 2478 Skendelby
1967 2421 2017 2464 et
2055 2418 2300 2479 Parteney

261 2489 362 2521 non
387 2475 730 2522 deseruiuntur
753 2480 804 2523 vt
827 2477 1083 2536 deberent,
1110 2479 1238 2525 sicut
1261 2480 1436 2525 credit.

390 2579 561 2624 Frater
582 2580 804 2626 Thomas
829 2581 1117 2642 Elkyngton
1142 2582 1426 2629 cellerarius
1449 2583 1576 2643 petit
1599 2586 1651 2630 vt
1681 2599 1856 2631 omnes
1890 2585 2125 2632 monachi
2160 2588 2301 2633 extra

263 2640 579 2688 refectorium
602 2644 746 2689 simul
769 2646 1090 2691 commedant
1115 2646 1167 2691 in
1189 2661 1286 2692 vna
1310 2647 1475 2693 domo.

391 2705 515 2750 Item
555 2706 676 2751 dicit
714 2707 850 2768 quod
889 2712 1129 2769 quantum
1166 2710 1233 2755 ad
1276 2710 1429 2756 feoda
1468 2713 1517 2756 et
1556 2711 1807 2771 stipendia
1850 2712 2203 2760 officiariorum
2247 2714 2299 2760 in

263 2769 563 2814 monasterio
598 2770 754 2816 abbas
789 2772 1086 2818 ministrauit
1121 2773 1328 2820 domino
1364 2789 1514 2820 vnam
1545 2775 1776 2822 cedulam
1799 2777 1968 2823 omnia
1989 2778 2083 2823 ista
2106 2778 2297 2825 contin-

262 2832 427 2876 entem
450 2846 538 2890 per
563 2835 834 2880 extensum.

391 2933 561 2980 Frater
593 2935 844 2996 Johannes
881 2938 1012 2985 Rose
1047 2938 1289 2986 diaconus
1313 2940 1435 2987 dicit
1458 2941 1595 3003 quod
1619 2942 1855 2988 secularis
1878 2943 2083 3005 quidam
2105 2944 2299 2990 iuuenis

263 3009 467 3042 manens
490 3012 603 3044 cum
626 2999 807 3046 abbate
830 3002 1069 3049 vilissimo
1093 3003 1247 3050 modo
1270 3004 1606 3064 redarguebat
1628 3008 1678 3051 et
1711 3007 2116 3066 reprehendebat
2149 3008 2298 3054 istum

263 3057 609 3118 deponentem,
636 3066 684 3107 et
708 3065 931 3110 notiuum
956 3066 1048 3111 est2
1079 3066 1163 3113 ille
1195 3067 1401 3125 iuuenis,
1428 3069 1631 3115 nomine
1664 3069 1933 3130 Taylboys‚
1959 3071 2301 3131 supportatur⁸

263 3135 352 3180 per
373 3123 606 3170 abbatem
628 3129 802 3173 contra
824 3128 1029 3175 iuuenes
1061 3130 1347 3177 monachos,

391 3186 516 3232 Item
553 3187 674 3234 dicit
708 3191 844 3251 quod
880 3206 981 3238 non
1017 3193 1296 3240 deseruitur
1318 3195 1555 3255 cantarijs
1578 3194 1643 3242 de
1669 3195 1914 3257 Parteney
1936 3199 1987 3244 et
2010 3197 2299 3260 Skendelby

262 3261 321 3292 ac
344 3247 452 3294 aliis
472 3253 525 3295 vt
548 3265 708 3311 supra.

263 3330 278 3334 —
364 3358 376 3382 ¹
405 3358 466 3396 Sic
483 3373 497 3397 .·
522 3362 575 3398 sit
591 3362 770 3402 omitted.

363 3408 380 3432 ²
405 3409 466 3447 Sic
485 3424 500 3447 .·
525 3412 625 3460 quod
639 3415 820 3453 omitted.

362 3459 377 3483 ³
402 3474 484 3499 cum
502 3463 719 3504 cancelled.

363 3549 375 3573 ¹
404 3549 508 3589 Hale
534 3564 699 3602 appears
726 3555 823 3594 from
851 3557 928 3595 this
954 3565 996 3596 to
1023 3559 1123 3599 have
1152 3562 1346 3611 preceded
1376 3564 1549 3602 Bartone
1567 3577 1609 3602 as
1628 3564 1837 3615 pittancer.
1910 3566 1998 3606 The
2019 3568 2204 3620 building
2221 3583 2301 3609 was

261 3600 454 3650 probably
471 3615 493 3638 a
512 3602 678 3642 cheeker
696 3618 739 3643 or
757 3614 987 3647 store-room
1006 3610 1065 3648 for
1084 3612 1152 3651 the
1172 3613 1382 3662 pittaneer.

360 3652 377 3676 ²
401 3651 468 3691 Le.
488 3666 538 3691 on
557 3653 618 3692 his
637 3655 815 3713 business
834 3672 875 3696 as
893 3661 1159 3711 sub-cellarer,
1177 3665 1302 3703 which
1321 3666 1506 3705 involved
1524 3666 1585 3704 his
1602 3667 1812 3717 attending
1829 3668 1921 3706 fairs
1939 3670 2017 3708 and
2035 3672 2222 3710 markets.

360 3701 377 3726 ⁸
403 3702 534 3742 These
559 3708 800 3746 constituted
827 3723 849 3746 a
876 3713 1080 3759 ‘garnish'
1109 3715 1149 3752 of
1175 3715 1310 3764 plate:
1339 3730 1404 3756 see
1423 3726 1518 3755 note
1537 3718 1576 3755 in
1606 3718 1828 3757 Visitations
1848 3730 1875 3766 1,
1894 3730 1958 3767 40.
2029 3721 2192 3762 Scutella
2213 3723 2292 3772 (Fr.

256 3751 404 3799 e'cuelle)
431 3754 462 3792 is
490 3768 511 3792 a
539 3755 684 3804 platter
709 3770 752 3794 or
780 3759 869 3798 dish
889 3773 898 3798 ι
929 3761 958 3799 F
963 3763 1095 3812 owler,
1118 3767 1247 3804 Durlz.
1275 3768 1442 3807 Account
1461 3772 1570 3808 Rolls
1590 3769 1722 3820 (Surt.
1745 3770 1871 3819 See),
1894 3781 1960 3820 111,
1981 3772 2068 3821 961,
2087 3775 2201 3823 gives
2227 3775 2294 3814 the

258 3802 336 3841 less
354 3805 468 3842 usual
487 3805 585 3843 form
604 3811 814 3849 scutellum.

2415 558 2476 586 0¹2

2458 3231 2476 3590 len-,a³=w=2-a„.;;v·.,<..-.J.-2
2464 3164 2470 3188 ⁴»
2459 3130 2467 3143 „·
2464 3087 2466 3090 ’
2466 3047 2468 3067 2*
2462 2938 2476 2989 ,2⁴
