2488 4296
251 375 365 432 107
706 357 1195 414 ALNWICK'S
1279 357 1844 416 VISITATIONS

250 514 555 560 reuerendus
600 517 741 573 pater
780 515 1053 572 assignauit
1090 514 1282 560 eisdem
1322 515 1560 575 magistro
1616 517 1666 561 et
1721 515 1869 561 sociis
1915 514 2123 561 eosdem
2169 514 2304 560 diem

252 581 301 623 et
335 578 501 623 locum
537 592 706 623 coram
745 591 804 623 eo
844 580 928 622 aut
973 578 1319 623 commissario
1349 593 1440 624 suo
1476 578 1542 624 ad
1583 578 1963 638 procedendum
2001 581 2051 623 et
2096 577 2305 637 procedi

251 640 525 686 videndum
571 641 773 686 vlterius
817 641 868 684 in
914 639 1049 685 dicte
1093 641 1399 687 visitacionis
1444 642 1656 700 negocio
1701 644 1850 700 prout
1897 641 1962 687 de
2007 642 2112 687 iure
2157 640 2308 686 fuerit

253 704 645 762 procedendum.
717 704 782 748 Et
816 706 931 762 post
965 703 1060 749 hec
1093 704 1437 750 visitacionem
1472 720 1611 750 suam
1646 704 1931 750 huiusmodi
1964 705 2015 749 in
2040 706 2171 749 statu
2204 718 2304 764 quo

251 770 369 812 tunc
407 769 512 812 erat
547 767 612 812 ad
648 766 855 812 eosdem
892 766 1027 812 diem
1063 767 1273 812 Veneris
1323 771 1372 813 et
1421 768 1587 813 locum
1624 768 1949 822 continuauit,
1989 768 2307 826 presentibus

253 831 490 889 magistro
513 830 740 890 Johanne
767 830 1026 889 Depynge,
1051 829 1251 876 Thoma
1273 831 1479 890 Thorpe
1503 834 1552 877 et
1577 846 1657 876 me
1680 831 1878 877 Thoma
1905 830 2180 877 Colstone.1

391 1034 503 1096 [Fo.
536 1034 620 1095 15]
692 1035 991 1091 Willelmus,
1027 1038 1138 1090 eto,
1177 1035 1362 1082 dilecto
1397 1035 1499 1081 filio
1539 1037 1778 1095 magistro
1817 1034 2031 1096 Johanni
2074 1035 2304 1095 Depyng,

257 1102 367 1153 etc.,
389 1098 612 1153 salutem,
634 1102 727 1145 etc.
795 1099 1067 1144 Visitantes
1092 1099 1190 1144 iarn
1214 1099 1411 1158 pridem
1436 1100 1541 1145 iure
1566 1102 1737 1144 nostro
1762 1098 2016 1144 ordinario
2040 1098 2306 1158 collegium

258 1164 428 1207 sancte
466 1162 624 1207 Marie
660 1166 709 1207 et
742 1163 966 1208 omnium
1001 1162 1297 1208 Sanctorum
1337 1162 1401 1207 de
1443 1162 1826 1222 Foderynghey,
1864 1164 2034 1208 nostre
2074 1161 2305 1217 diocesis,

257 1226 647 1286 magistrumque
672 1228 722 1271 et
745 1226 909 1271 socios
941 1228 1213 1284 perpetuos
1247 1225 1486 1281 eiusdem,
1511 1240 1570 1271 ac
1605 1226 1656 1270 in
1691 1225 1977 1271 huiusmodi
2001 1225 2308 1270 visitacionis

258 1292 426 1334 nostre
462 1290 674 1346 negocio
709 1290 845 1334 iuxta
879 1289 1056 1334 merita
1089 1289 1476 1350 inquisicionum
1512 1303 1602 1348 per
1637 1303 1728 1334 nos
1762 1289 1885 1334 inibi
1918 1289 2164 1334 factarum
2198 1289 2306 1341 rite,

258 1354 394 1398 recte
434 1355 484 1398 et
522 1352 744 1414 legitime
784 1352 1133 1411 procedentes,
1173 1353 1534 1411 assignauimus
1571 1353 1809 1411 magistro
1845 1351 2069 1398 eiusdem
2109 1351 2308 1410 collegii

259 1415 394 1461 diem
427 1416 637 1461 Veneris
671 1417 951 1474 proximam
986 1418 1101 1474 post
1133 1418 1253 1461 tunc
1287 1417 1515 1475 proxime
1549 1431 1764 1477 sequens
1797 1416 1981 1461 festum
2023 1414 2309 1474 Epiphanie

261 1479 481 1524 Domini²
514 1481 564 1524 in
598 1478 770 1540 loc[o]
801 1479 1060 1538 capitulari
1092 1479 1318 1524 eiusdem
1353 1479 1564 1538 collegii,
1591 1479 1656 1524 ad
1680 1478 2022 1525 exhibendum
2045 1479 2191 1524 nobis
2215 1492 2304 1524 seu

261 1546 432 1588 nostro
457 1543 505 1587 in
531 1542 627 1588 hac
651 1547 793 1601 parte
817 1542 1137 1588 commissario
1162 1545 1345 1588 statuta
1380 1543 1501 1588 dicti
1537 1543 1734 1601 collegii
1758 1543 1851 1588 sub
1874 1543 2125 1588 autentica
2146 1541 2309 1587 forma

259 1610 319 1651 a'c
343 1605 546 1665 plenum
571 1608 752 1651 statum
778 1606 1002 1651 eiusdem
1026 1606 1225 1665 collegii
1250 1620 1349 1667 quo
1373 1607 1535 1666 ipsum
1569 1607 1834 1665 collegium
1857 1606 1968 1665 ipso
1993 1605 2075 1651 die
2098 1605 2308 1651 Veneris

253 1669 362 1715 fore
387 1670 713 1728 contingeret,
740 1684 937 1715 necnon
961 1669 1027 1714 ad
1062 1669 1414 1715 dimittendum
1435 1684 1591 1728 penes
1615 1669 1834 1716 officium
1852 1669 2122 1729 registrarii
2146 1668 2304 1714 nostri

262 1733 433 1792 copias
499 1734 722 1778 omnium
801 1733 1087 1778 huiusmodi
1158 1733 1495 1779 exhibitorum
1562 1736 1612 1779 et
1677 1732 1854 1779 eciam⁸
1918 1732 2194 1778 ereccionis
2259 1733 2310 1777 et

260 1795 578 1842 fundacionis
603 1796 828 1842 eiusdem
862 1797 1060 1854 collegii
1095 1796 1215 1842 alias
1251 1798 1396 1842 nobis
1431 1811 1520 1856 per
1555 1797 1745 1842 dictum
1780 1797 2071 1856 magistrum
2094 1796 2146 1841 in
2169 1795 2308 1841 dicta

260 1860 553 1905 visitacione
583 1859 812 1920 [nostr]a
847 1860 1195 1913 exhibitarum,
1227 1859 1330 1920 [et]
1366 1859 1521 1921 i[psi]
1559 1861 1797 1919 magistro
1822 1863 1871 1906 et
1895 1860 2044 1906 sociis
2083 1858 2308 1905 eiusdem

261 1924 517 1982 perpetuis
562 1924 627 1968 ad
671 1923 875 1969 vlterius
930 1923 1310 1982 procedendum
1362 1928 1411 1969 et
1457 1924 1666 1983 procedi
1711 1923 1985 1969 videndum
2030 1923 2081 1968 in
2127 1922 2308 1968 eodem

261 1987 475 2045 negocio
514 1987 650 2032 iuxta
685 1988 888 2032 inuenta
928 1990 991 2043 et,
1029 1986 1350 2047 c[om]perta
1383 1986 1500 2048 a[c]
1541 1990 1788 2033 retroacta
1821 1988 1871 2032 in
1909 1986 2099 2032 eisdem
2136 1986 2310 2031 habita

261 2053 410 2108 prout
451 2050 515 2095 de
554 2051 660 2096 iure
705 2050 854 2096 fuerit
898 2051 1292 2109 procedendum.
1383 2050 1463 2095 Ad
1508 2051 1866 2110 presidendum
1911 2051 2060 2109 igitur
2103 2050 2214 2095 vice
2258 2051 2308 2094 et

261 2114 558 2159 auctoritate
598 2115 780 2159 nostris
815 2114 897 2159 die
932 2117 980 2159 et
1021 2113 1201 2174 [loco]
1241 2114 1509 2160 antedictis
1543 2115 1593 2159 in
1628 2115 1762 2160 dicte
1795 2113 2100 2159 visitacionis
2139 2114 2308 2158 nostre

262 2177 475 2235 negocio
508 2177 645 2222 iuxta
678 2177 892 2222 formam
925 2180 1287 2223 retroactorum
1322 2192 1411 2236 per
1446 2193 1536 2223 nos
1570 2179 1620 2223 in
1657 2177 1839 2223 eodem
1874 2177 2170 2231 habitorum,
2210 2190 2307 2235 que

261 2240 404 2285 vobis
448 2255 546 2286 vna
590 2255 703 2286 cum
747 2241 1064 2300 presentibus
1107 2241 1501 2297 transmittimus,
1543 2241 2014 2302 exhibicionemque
2058 2239 2307 2285 dictorum

261 2306 556 2348 statutorum
581 2307 631 2349 et
654 2307 810 2349 status
834 2305 884 2349 in
907 2303 1070 2349 forma
1102 2305 1343 2363 predicta,
1368 2319 1428 2350 ac
1462 2319 1634 2350 eorum
1669 2308 1719 2350 et
1752 2305 1998 2350 dictarum
2031 2303 2308 2349 ereccionis

261 2369 310 2412 et
334 2366 650 2412 fundacionis
684 2368 856 2427 copias
889 2367 1241 2423 admittendas,
1278 2382 1475 2414 necnon
1512 2369 1561 2413 in
1597 2368 1732 2415 dicte
1765 2367 2071 2413 visitacionis
2094 2366 2308 2424 negocio

260 2431 395 2475 iuxta
428 2430 640 2476 formam
681 2434 1043 2477 retroactorum
1077 2431 1418 2490 predictorum
1453 2431 1875 2490 cognoscendum,
1912 2429 2305 2490 procedendum,

259 2494 578 2539 statuendum
602 2497 652 2540 et
676 2493 1024 2540 diffiniendum
1047 2495 1171 2540 alios
1194 2494 1302 2540 dies
1326 2498 1376 2540 et
1398 2496 1639 2540 terminos
1662 2496 1702 2540 si
1726 2497 1958 2554 oporteat
1979 2492 2308 2553 assignandos

260 2559 310 2601 et
365 2557 698 2616 prefigendos‚
757 2573 844 2603 seu
899 2557 1020 2603 alias
1076 2561 1125 2603 et
1180 2561 1328 2618 prout
1392 2559 1618 2604 videritis
1684 2558 1899 2604 eandem
1963 2557 2308 2603 visitacionem

259 2620 647 2677 dissoluendam,
705 2624 971 2682 ceteraque
1027 2622 1195 2667 omnia
1249 2627 1298 2667 et
1353 2622 1547 2681 singula
1611 2621 1857 2676 facienda,
1915 2619 2198 2667 exercenda
2258 2621 2309 2665 et

259 2684 576 2742 expedienda
599 2686 650 2730 in
673 2686 928 2744 premissis
953 2688 1001 2730 et
1030 2684 1371 2745 [n]ecessaria
1394 2690 1443 2731 et
1466 2688 1714 2745 oportuna
1748 2700 1861 2731 cum
1885 2686 1986 2730 suis
2009 2684 2306 2743 emergenti-

261 2747 366 2801 bus,
413 2748 762 2804 incidentibus,
811 2748 1216 2807 dependentibus
1261 2752 1311 2794 et
1360 2750 1614 2795 connexis.
1708 2749 1774 2794 Et
1823 2748 1946 2810 quid
1989 2747 2211 2794 feceritis
2254 2747 2306 2791 in

259 2811 514 2869 premissis
537 2826 629 2857 nos
663 2826 755 2871 pro
788 2812 902 2857 loco
936 2815 986 2858 et
1019 2815 1247 2871 tempore
1281 2814 1515 2872 congruis
1550 2815 1599 2858 et
1634 2813 1893 2872 oportunis
1918 2811 2167 2867 distincte,
2194 2812 2304 2866 etc.,

259 2873 558 2932 certificetis,
584 2875 700 2921 etc.4

351 3476 364 3500 ¹
396 3475 463 3513 Fo.
489 3486 533 3523 14
561 3476 641 3512 and
669 3476 720 3512 its
751 3477 866 3514 dorse
896 3490 960 3514 are
993 3478 1124 3524 blank,
1145 3479 1238 3516 save
1269 3479 1328 3516 for
1346 3493 1367 3516 a
1386 3492 1480 3516 note
1510 3492 1560 3516 on
1585 3479 1668 3527 14d.
1689 3478 1818 3515 which
1852 3478 1884 3514 is
1903 3478 2036 3515 rather
2063 3477 2235 3514 difficult
2260 3487 2303 3514 to

246 3527 356 3571 read,
388 3528 473 3571 viz.,
494 3527 568 3576 ‘Q
602 3525 809 3577 P[r]octer
839 3528 888 3565 de
921 3528 1054 3566 Pilton
1085 3529 1370 3578 ad[ulteratur]
1399 3543 1489 3567 cum
1523 3529 1754 3567 Elizabetha
1789 3528 2010 3579 Reynolde.
2030 3527 2304 3565 vacabunda:

246 3577 345 3615 This
364 3578 397 3615 is
427 3578 580 3615 written
601 3578 741 3626 upside
772 3578 886 3615 down
909 3589 948 3615 at
978 3579 1045 3616 the
1069 3581 1221 3618 bottom
1242 3582 1284 3619 of
1300 3582 1368 3619 the
1387 3581 1476 3625 leaf,
1495 3581 1572 3618 and
1592 3579 1787 3631 probably
1807 3580 1838 3617 is
1858 3594 1881 3617 a
1899 3589 1994 3617 note
2013 3579 2127 3617 made
2153 3579 2302 3628 during

243 3629 309 3667 the
331 3629 555 3666 Northants
577 3628 780 3666 visitation
801 3629 843 3666 of
864 3631 972 3677 1438.

345 3679 362 3702 2
387 3685 423 3716 et
447 3682 524 3716 iam
543 3681 721 3729 proxime
735 3682 876 3728 futuri
899 3681 1119 3722 cancelled.

341 3730 357 3754 ³
385 3731 445 3767 An
464 3744 482 3767 s
502 3731 637 3768 stands
655 3731 772 3768 alone
791 3731 830 3768 in
851 3731 918 3768 the
938 3742 1021 3769 text
1040 3732 1147 3777 here,
1167 3734 1294 3771 which
1314 3734 1459 3773 should
1476 3734 1578 3772 have
1598 3734 1698 3771 been
1718 3732 1934 3771 cancelled.

345 3782 360 3806 4
388 3781 476 3819 The
495 3790 575 3819 rest
595 3781 636 3819 of
654 3782 706 3820 fo.
731 3791 777 3831 15
798 3782 875 3819 and
896 3783 947 3820 its
967 3784 1083 3821 dorse
1103 3797 1168 3822 are
1190 3785 1322 3823 blank.
