2488 4296
267 320 384 358 200
703 299 1194 358 ALNWICK'S
1277 300 1844 359 VISITATIONS

264 458 550 504 huiusmodi
609 458 674 504 de
732 460 882 504 nocte
926 472 980 503 se
1024 458 1305 514 absentant,
1353 457 1580 504 dicentes
1623 472 1679 503 se
1722 457 1871 504 malle
1909 458 2087 518 pocius¹
2131 474 2314 519 penam

262 523 488 567 sustinere
523 521 810 567 huiusmodi
846 521 1138 567 absentibus
1160 521 1225 566 ab
1249 522 1370 580 ipsis
1393 522 1589 567 statutis
1625 520 1864 566 inflictam
1888 536 2038 582 quam
2061 522 2313 570 dimittere

262 586 483 646 quietem
507 587 818 640 nocturnam,
844 585 1146 643 iniungimus
1170 585 1312 630 vobis
1335 585 1579 630 vniuersis
1603 587 1652 630 et
1683 585 1890 643 singulis
1925 586 2241 644 presentibus
2264 589 2314 632 et

262 649 454 704 futuris,
471 648 573 693 ,sub
596 662 727 707 pena
750 648 1292 694 excommunicacionis
1315 662 1464 708 quam
1489 649 1538 692 in
1563 648 1839 706 singulares
1861 662 2102 707 personas
2124 652 2315 695 vestras

262 713 358 757 hiis
397 713 580 757 nostris
616 711 1017 756 iniunccionibus
1052 711 1131 756 vel
1168 725 1338 756 earum
1373 711 1520 757 alicui
1557 711 1773 757 scienter
1796 713 1846 757 et
1867 712 2036 757 animo
2070 713 2313 771 pertinaci

261 775 768 830 contraueniencium,
794 777 962 833 preter
986 776 1157 820 notam
1181 776 1230 820 et
1253 776 1444 820 reatum
1468 774 1670 834 periurii
1695 774 1832 835 quod
1856 774 1992 820 dicta
2009 777 2193 822 statuta
2210 790 2312 822 non

260 839 587 884 obseruantes
623 837 915 893 incurrunt,²
937 837 1242 883 intendimus
1278 837 1556 892 fulminare,
1581 840 1634 883 vt
1657 837 1863 897 singulis
1886 839 2135 884 noctibus³
2157 854 2314 885 omnes

259 905 301 947 et
324 901 499 960 singuli
522 901 742 946 canonici
775 902 827 946 in
851 901 1041 960 collegio
1070 904 1302 960 presentes
1338 915 1431 946 non
1457 901 1659 960 legitime
1681 900 1909 960 impediti⁴
1942 902 2078 947 iuxta
2113 906 2310 948 mentem

258 964 563 1010 statutorum⁵
597 964 662 1009 ad
701 964 985 1009 matutinas⁶
1019 967 1280 1023 assurgant
1316 967 1366 1010 et
1402 965 1633 1010 intersint
1669 964 1875 1020 eisdem,
1911 965 2007 1010 sed⁷
2049 965 2115 1011 ad
2150 966 2312 1011 minus

258 1031 471 1089 quatuor
495 1029 545 1072 in
570 1042 778 1073 numero
802 1029 938 1073 iuxta
963 1028 1273 1087 exigenciam
1298 1030 1597 1073 statutorum
1620 1027 1974 1087 predictorum.

392 1102 516 1147 Item
564 1101 867 1160 iniungimus
911 1101 1056 1146 vobis
1101 1102 1151 1146 in
1198 1100 1359 1146 forma
1403 1101 1633 1160 predicta
1677 1103 1728 1146 et
1772 1102 1865 1146 sub
1909 1115 2040 1160 pena
2084 1104 2311 1162 superius

258 1168 498 1210 annotata
535 1164 602 1209 vt³
624 1164 847 1209 diuinum
887 1164 1090 1223 officium
1116 1167 1400 1210 nocturnum
1425 1168 1466 1210 el
1502 1165 1751 1221 diurnum,
1777 1165 1988 1210 videlicet
2011 1167 2314 1221 matutinas‚⁹

257 1243 492 1287 vesperas
508 1231 557 1273 et
572 1228 693 1273 alias
717 1227 867 1273 horas
890 1228 1146 1273 canonicas
1168 1243 1227 1273 ac
1251 1228 1426 1273 missas
1443 1231 1485 1273 et
1507 1228 1612 1274 alia
1636 1229 1703 1272 ad
1725 1242 1815 1287 que
1831 1229 2033 1274 dicentia
2051 1245 2107 1274 ex
2123 1229 2313 1286 debito¹⁰

257 1292 328 1337 vel
364 1294 537 1337 statuto
575 1293 678 1336 estis
713 1292 896 1336 astricti
930 1292 981 1336 in
1018 1291 1176 1337 choro
1212 1295 1262 1337 et
1297 1291 1415 1336 alibi
1440 1291 1797 1347 decantandas,
1822 1305 2021 1338 morose
2044 1294 2163 1338 satis
2195 1308 2310 1339 cum

258 1356 538 1400 deuocione
577 1355 750 1400 debita
787 1358 836 1400 et
873 1370 986 1400 cum
1010 1356 1178 1414 pausis
1201 1355 1251 1399 in
1276 1355 1570 1414 psalmodia,
1597 1369 1697 1400 non
1733 1354 2021 1401 festinando
2045 1370 2131 1401 seu
2154 1360 2308 1403 trans-

257 1419 506 1464 currendo
544 1418 615 1463 vel
650 1419 938 1478 sincopando
975 1419 1215 1463 deuocius
1251 1433 1351 1480 quo
1390 1418 1527 1464 Deus
1563 1418 1762 1464 dederit
1797 1418 2089 1474 decantetis,
2127 1434 2221 1466 nec
2259 1421 2310 1466 in

258 1481 538 1541 psalmodia
553 1481 821 1541 posterior-¹1
846 1497 1018 1527 versus
1035 1482 1268 1527 vllatinus
1286 1481 1586 1541 incipiatur¹²
1608 1481 1915 1543 antequam¹⁸
1925 1483 2064 1542 prior
2086 1498 2243 1529 versus
2259 1485 2310 1530 in

259 1549 367 1591 toto
405 1545 638 1602 finiatur;
688 1545 925 1606 quodque
962 1546 1173 1606 quisque
1213 1548 1431 1591 vestrum
1468 1546 1517 1590 in
1555 1544 1750 1591 choro¹⁴
1772 1548 2000 1605 tempore
2025 1546 2308 1592 diuinorum

259 1609 566 1654 deuociones
601 1611 686 1654 aut
721 1609 842 1654 alias
880 1609 1029 1654 horas
1066 1610 1335 1654 canonicas
1370 1609 1559 1666 dicens,
1586 1623 1645 1654 ea
1666 1609 1736 1654 ita
1759 1609 2004 1654 submissa
2026 1624 2151 1656 voce
2175 1611 2310 1656 dicat

257 1676 321 1718 vt·
335 1673 602 1732 psallentes
626 1673 762 1717 iuxta
786 1687 839 1718 se
863 1674 935 1718 sic
960 1672 1180 1718 dicendo
1198 1686 1287 1731 per
1305 1673 1567 1731 strepitum
1586 1671 1841 1733 aliquem¹⁵
1858 1673 2127 1718 nullatinus
2143 1674 2310 1720 turbet

257 1737 335 1781 vel
360 1736 603 1795 impediat
623 1752 635 1792 3
670 1739 719 1781 et
743 1737 782 1780 si
807 1734 956 1797 quis1⁶
977 1736 1040 1780 sic
1063 1736 1270 1781 turbans
1293 1737 1399 1781 siue
1435 1736 1718 1795 impediens
1749 1736 1986 1782 deeetero
2018 1738 2308 1796 reperiatur,

259 1803 471 1860 quatuor
496 1799 764 1845 denarios¹⁷
785 1800 854 1844 ad
875 1799 1127 1858 fabricam
1153 1799 1365 1845 ecclesie
1389 1799 1520 1844 illius
1543 1802 1593 1845 et
1616 1799 1662 1859 vj
1689 1799 1924 1845 denarios
1958 1800 2008 1845 in
2042 1815 2157 1846 vsus
2190 1814 2307 1860 pau-

257 1878 431 1922 perum
458 1862 721 1921 hospitalis
745 1863 934 1908 ibidem
958 1863 1331 1908 conuertendos
1354 1863 1578 1924 qualibet
1601 1864 1710 1908 vice
1735 1877 1832 1924 qua
1855 1864 1927 1909 sic
1952 1863 2219 1925 deliquerit
2243 1864 2308 1910 de

256 1927 498 1985 porcione
535 1926 795 1985 prebende
832 1926 958 1972 sue¹⁸
987 1926 1119 1985 infra
1157 1926 1214 1984 iij
1252 1926 1350 1971 dies
1389 1927 1647 1972 inmediate
1678 1929 1930 1986 postquam
1966 1930 2104 1986 super
2138 1926 2223 1973 hoc
2256 1928 2307 1974 in

259 1990 477 2049 capitulis
488 1990 643 2049 suerit
667 1989 906 2036 conuictus
928 1990 1119 2035 sacriste
1135 1989 1427 2049 persoluat.¹⁹

385 2064 510 2108 Item
557 2064 859 2122 iniungimus
903 2063 1047 2108 vobis
1092 2063 1288 2109 decano
1337 2066 1386 2109 et
1431 2065 1537 2110 eius
1581 2063 1940 2110 locumtenenti
1985 2079 2044 2110 ac
2101 2066 2307 2112 sacriste

254 2127 535 2187 ceterisque
572 2127 797 2172 eiusdem
834 2127 1047 2173 ecclesie
1084 2127 1335 2184 ministriS‚
1361 2128 1542 2189 quibus
1578 2128 1779 2173 racione
1803 2127 2080 2174 officiorum
2105 2143 2306 2174 suorum

248 2191 495 2236 incumbit
520 2190 748 2236 detectus
771 2189 1057 2251 quoslibet2⁰
1078 2192 1311 2250 corrigere
1334 2191 1406 2236 vel
1429 2194 1616 2247 notare,
1643 2193 1694 2236 vt
1717 2191 1946 2237 defectus
1969 2193 2307 2253 quorumlibet

254 2255 303 2298 in
329 2254 485 2299 choro
510 2258 559 2298 et
582 2254 873 2299 absencium
897 2268 926 2299 a
950 2254 1108 2299 choro
1126 2255 1262 2299 iuxta
1280 2254 1494 2300 formam
1512 2257 1807 2300 statutorum
1828 2255 2093 2314 diligenter
2117 2257 2306 2318 absque

254 2319 388 2362 omni
427 2317 601 2362 fauore
638 2318 717 2363 vel
753 2318 873 2362 odio
911 2320 961 2363 et
997 2316 1212 2363 fideliter
1235 2319 1420 2363 notetis
1443 2321 1493 2364 et
1516 2319 1566 2363 in
1591 2319 1832 2377 proximis
1853 2319 2085 2378 capitulis
2107 2334 2163 2364 ex
2196 2323 2307 2365 tunc

253 2382 502 2426 successiue
539 2381 834 2426 celebrandis
863 2380 955 2441 [fo.
987 2380 1159 2441 103d.]
1190 2382 1465 2440 presidenti
1503 2382 1830 2439 denuncietis,
1857 2382 2166 2444 mulctasque
2199 2385 2305 2430 siue

255 2459 409 2503 penas
434 2445 746 2503 pecuniarias
770 2444 1059 2490 defectuum
1085 2445 1370 2490 huiusmodi
1405 2446 1595 2507 absq'ue
1618 2445 1755 2491 omni
1779 2446 2071 2492 remissione
2096 2447 2306 2506 exigatis

252 2511 302 2553 et
326 2509 377 2552 in
400 2523 514 2553 vsus
539 2508 740 2553 debitos
763 2509 899 2553 iuxta
935 2509 1247 2567 exigenciam
1283 2511 1580 2554 statutorum
1606 2510 1925 2565 conuertatis,
1952 2510 2086 2555 nulla
2108 2510 2303 2556 liberal-

252 2572 371 2616 itate
410 2571 781 2630 presidencium
818 2572 925 2617 siue
961 2572 1276 2630 exigencium
1300 2573 1495 2618 soluere
1519 2572 1822 2618 debentibus
1846 2572 2164 2632 suffragante,
2188 2588 2304 2619 cum

251 2634 466 2679 facilitas
488 2635 634 2680 venie
658 2636 965 2680 incentiuum
990 2649 1349 2696 nonnunquam
1372 2636 1545 2681 tribuit
1569 2636 1907 2695 delinquendi.

353 2746 365 2768 ¹
390 2748 548 2795 perdere
565 2747 781 2785 cancelled.

351 2798 368 2820 ²
394 2802 474 2846 ipso
483 2802 590 2845 sacto
609 2799 824 2836 cancelled.

350 2849 365 2871 ³
393 2850 456 2886 An
486 2850 695 2887 interlined
718 2851 824 2887 word
844 2851 1060 2888 cancelled.

350 2899 366 2922 ⁴
391 2907 428 2937 et
446 2902 500 2937 ad
514 2914 625 2938 omne
644 2903 773 2938 minus
794 2904 968 2951 quinque
987 2901 1195 2939 interlined
1216 2902 1294 2939 and
1314 2903 1531 2940 cancelled.

352 2951 366 2973 ⁵
394 2953 431 2988 A
451 2958 542 2990 note
560 2953 685 2990 above
705 2953 782 2990 this
800 2954 1092 2991 interlineation
1111 2954 1210 2990 circa
1237 2955 1410 3002 quinque
1433 2955 1668 3002 presentibus
1688 2955 1744 2992 ad
1757 2955 1974 2991 matutinas
1992 2954 2231 3002 satisfactum
2249 2961 2305 2991 est

248 3006 404 3040 statutis
422 3004 637 3041 cancelled.

351 3053 366 3078 ⁰
392 3054 572 3092 canonici
590 3055 806 3092 cancelled.

351 3105 366 3130 7
398 3106 614 3143 Interlined
634 3106 759 3143 above
777 3113 814 3143 et
830 3107 1044 3144 cancelled.

349 3158 365 3181 ⁸
391 3157 507 3194 horas
525 3159 730 3194 canonicas
748 3159 962 3196 cancelled.

347 3208 364 3231 ⁹
391 3209 568 3246 videlicet
586 3209 796 3246 interlined
815 3210 892 3246 and
913 3210 1125 3247 cancelled.

337 3259 367 3283 ¹⁰
394 3265 475 3297 vest
492 3260 709 3297 cancelled.

337 3311 363 3333 ¹¹
396 3311 613 3349 Interlined
631 3311 757 3349 above
776 3324 880 3348 vnus
898 3312 1112 3350 cancelled.

335 3361 366 3385 ¹2
392 3364 509 3411 prius
529 3363 745 3400 cancelled.

328 3412 359 3441 1³
382 3415 582 3461 precedens
598 3414 815 3451 cancelled.

333 3463 363 3486 ¹⁴
389 3463 434 3500 in
455 3465 671 3502 cancelled.

336 3514 366 3537 ¹⁵
393 3529 469 3552 non
491 3516 699 3553 interlined
719 3515 796 3552 and
816 3517 1029 3554 cancelled.

338 3564 368 3588 ¹⁶
395 3566 440 3602 in
461 3567 526 3604 hoc
546 3568 762 3605 cancelled.

338 3616 367 3640 ¹⁷
390 3618 538 3663 fabrice
556 3618 769 3656 cancelled.

335 3666 365 3691 ¹⁸
392 3669 456 3712 An
475 3669 768 3713 interlineation
788 3670 1003 3715 cancelled.
