2476 4412
257 516 296 570 4
707 489 1191 552 ALNWICK'S
1275 485 1839 545 VISITATIONS

390 661 460 710 15.
499 651 625 696 Item
658 650 808 695 vtitur
840 648 1055 694 camisiis
1089 646 1154 692 de
1186 658 1355 705 panno
1391 642 1642 699 Reinensi,
1677 641 1817 687 cuius
1849 640 1965 687 vlna
1996 641 2129 688 valet
2160 642 2292 702 xvjd.

261 714 423 773 Negat
455 714 727 759 articulum.

389 777 456 821 16.
517 777 643 821 Item
678 776 826 821 vtitur
858 774 1037 819 tunicis
1069 772 1310 834 laqueatis
1344 768 1471 816 cuml
1505 768 1671 815 cerico
1704 770 1746 813 et
1779 767 1960 813 acubus
1991 769 2222 828 argenteis
2254 771 2296 814 et

258 840 503 884 deauratis
537 843 586 885 et
621 840 691 884 sic
727 838 847 885 fecit
885 851 1059 883 omnes
1095 835 1336 882 moniales
1373 833 1456 879 vti.
1549 832 1753 878 Fatetur
1790 831 2054 878 articulum
2091 846 2192 893 quo
2229 831 2296 877 ad

258 916 398 947 vsum
421 917 562 947 suum
585 903 876 960 proprium:
911 900 1089 945 iurauit
1122 898 1260 960 quod
1293 898 1387 943 ista
1423 895 1718 942 reformabit
1753 898 1804 941 et
1839 895 2020 940 iurauit
2055 894 2120 941 de
2156 909 2295 955 pera-

257 964 424 1024 gendo
448 966 794 1024 penitenciam,
819 967 913 1009 etc.

389 1026 520 1088 [17.]
582 1028 708 1073 Item
752 1027 900 1072 vtitur
943 1026 1078 1086 pileo
1122 1027 1278 1071 status
1315 1023 1564 1069 furrurato
1609 1036 1722 1068 curn
1767 1021 1932 1081 bugeo
1977 1036 2127 1081 supra
2169 1021 2293 1068 vela.

262 1091 475 1146 Fatetur,
513 1094 717 1150 propter
753 1094 919 1136 tamen
956 1089 1267 1134 infirmitates
1302 1087 1463 1132 varias
1499 1087 1550 1131 in
1588 1086 1754 1145 capite
1785 1102 1795 1132 :
1842 1086 2024 1131 iurauit
2058 1088 2111 1131 vt
2147 1100 2299 1145 supra

257 1153 394 1215 quod
415 1155 509 1199 ista
532 1153 835 1199 reformabit.

390 1215 520 1277 [18.]
561 1217 687 1262 Item
711 1217 864 1262 nichil
888 1216 1132 1261 ministrat
1156 1229 1249 1260 nec
1267 1213 1566 1260 ministrauit
1588 1227 1679 1273 per
1695 1212 1965 1258 triennium
1981 1212 2300 1259 monialibus²

258 1279 482 1325 habitum
526 1283 908 1338 competentem,
950 1280 1000 1324 in
1039 1281 1231 1324 tantum
1270 1277 1408 1339 quod
1452 1277 1695 1323 moniales
1732 1276 1922 1322 vadunt
1966 1291 2080 1323 cum
2118 1277 2299 1336 pannis

258 1343 546 1402 pictaciatis.
616 1343 823 1389 Patebat
847 1343 1053 1388 domino
1077 1341 1276 1386 nuditas
1300 1341 1605 1387 monialium.

388 1404 518 1466 [19.]
571 1406 697 1451 Item
732 1406 960 1452 inuitauit
994 1405 1230 1465 priorissa
1265 1404 1432 1464 plures
1467 1407 1732 1450 extraneos
1769 1403 1833 1449 de
1868 1404 2030 1463 patria
2064 1403 2131 1449 ad
2166 1404 2297 1450 hanc

256 1469 595 1515 visitacionem
618 1469 683 1514 ad
707 1482 911 1529 magnas
935 1483 1178 1528 expensas
1213 1468 1405 1522 domus,
1432 1467 1607 1514 dicens
1641 1468 1713 1513 eis
1749 1467 1914 1513 ‘State
1947 1466 2162 1513 mecum⁸
2195 1467 2298 1514 hoc

254 1535 480 1591 tempore
531 1533 847 1589 visitacionis,
904 1533 1019 1594 quia
1073 1532 1191 1577 nolo
1246 1530 1530 1592 resignare.'
1632 1531 1835 1577 Fatetur
1883 1531 2298 1577 conuiuacionem

256 1596 541 1652 amicorum,
568 1610 668 1641 non
690 1599 856 1642 tamen
881 1597 946 1641 ad
970 1596 1104 1640 hunc
1126 1594 1291 1641 finem.

382 1712 456 1743 20.
505 1698 720 1743 Domina
742 1698 934 1759 juliana
959 1698 1280 1757 Messangere
1304 1697 1427 1744 dicit
1449 1697 1588 1759 quod
1610 1696 1728 1743 fena
1751 1699 1800 1743 et
1822 1696 1919 1743 alia
1941 1709 2097 1756 grana
2119 1711 2297 1757 repon-

257 1763 404 1806 untur
426 1762 476 1806 in
501 1761 711 1807 ecclesia
733 1762 800 1808 ob
824 1761 1078 1808 defectum
1100 1776 1357 1807 orreorum
1381 1776 1478 1823 que
1503 1761 1668 1807 diruta
1690 1763 1804 1806 sunt
1837 1761 1924 1820 [in]
1954 1760 2300 1820 necgligencia

257 1825 503 1883 priorisse.
574 1825 774 1870 Fatetur
797 1826 1175 1885 reposicionem.

389 1888 514 1933 Item
553 1888 774 1934 secundo
817 1903 948 1934 anno
992 1889 1238 1935 aduentus
1282 1889 1518 1949 priorisse
1562 1887 1628 1934 ad
1670 1887 1838 1935 locum
1881 1888 2030 1934 istum
2075 1887 2301 1934 bercaria

260 1950 437 1996 domus
474 1951 567 1996 fuit
604 1953 864 1997 combusta
901 1955 951 1998 et
989 1953 1114 1998 citra
1153 1967 1404 2015 nunquam
1444 1952 1565 1998 fecit
1608 1952 1999 2011 reparacionem,
2046 1952 2184 1997 cuius
2229 1952 2300 1998 rei

261 2015 523 2060 occasione
553 2014 668 2060 fena
691 2019 997 2075 reponuntur
1019 2019 1072 2061 vt
1095 2030 1244 2075 supra
1269 2034 1278 2074 ;
1316 2031 1410 2062 nec
1432 2016 1555 2061 vllas
1578 2015 1699 2062 facit
1722 2016 2086 2075 reparaciones,
2112 2018 2163 2061 et
2186 2029 2300 2061 cum

258 2077 409 2138 aliqui
434 2078 729 2124 donauerint
751 2079 938 2140 aliquid
961 2079 1027 2124 ad
1058 2081 1407 2139 reparaciones
1439 2079 1712 2137 faciendas,
1737 2080 1974 2140 priorissa
2007 2082 2172 2125 seruat
2204 2079 2300 2125 sibi

260 2140 324 2186 de
348 2141 476 2186 datis
499 2142 635 2202 quod
653 2142 767 2199 vult,
787 2142 1061 2188 sufficiente
1078 2144 1403 2202 reparacione
1421 2158 1522 2189 non
1540 2142 1686 2189 facta.
1732 2143 1929 2203 Allegat
1951 2143 2301 2202 reparaciones

259 2203 416 2249 factas
439 2207 663 2264 tempore
687 2220 789 2262 suo,
815 2206 879 2252 de
902 2221 1001 2267 quo
1026 2207 1251 2253 exhibuit
1275 2207 1481 2254 domino
1505 2207 1761 2253 scedulam
1794 2221 1884 2267 per
1907 2221 2056 2268 quam
2091 2208 2302 2266 apparet

259 2267 378 2312 istas
400 2269 745 2326 reparaciones
768 2270 924 2315 factas
947 2271 1080 2316 circa
1101 2270 1398 2317 ecclesiam.⁴

390 2331 516 2377 Item
553 2346 757 2378 nemora
796 2333 1114 2379 destruuntur
1152 2335 1203 2380 in
1242 2334 1447 2381 defectu
1484 2335 1720 2395 priorisse
1755 2337 1809 2380 vt
1843 2349 2005 2394 supra,
2035 2336 2086 2380 et
2118 2334 2169 2379 in
2203 2333 2302 2380 hoc

261 2394 536 2440 concordat
557 2396 608 2440 in
631 2397 861 2442 omnibus
884 2411 998 2442 cum
1025 2398 1273 2459 Kyrkeby.

392 2455 521 2518 [21.]
574 2459 697 2504 Item
732 2461 967 2519 priorissa
999 2462 1272 2508 introducit
1304 2462 1356 2508 in
1390 2462 1666 2522 prioratum
1701 2461 1929 2508 diuersos
1962 2464 2226 2507 extraneos
2259 2463 2302 2506 et

260 2519 435 2579 ignotos
456 2525 557 2566 tam
581 2537 740 2568 mares
774 2538 923 2585 quam
956 2524 1167 2571 feminas
1201 2529 1251 2571 et
1285 2540 1372 2572 eos
1406 2529 1651 2572 sustentat
1684 2525 2034 2571 communibus
2068 2524 2302 2584 expensis

262 2584 451 2692 άῖζηιιιιῗ,
477 2588 526 2630 et
547 2585 735 2647 aliquas
759 2587 897 2647 quasi
929 2588 1102 2634 idiotas
1133 2592 1174 2634 et
1208 2589 1335 2635 alias
1366 2588 1604 2635 inhabiles
1635 2588 1757 2635 facit
1790 2588 2045 2635 moniales.
2136 2589 2303 2647 Negat

259 2660 312 2690 ar
336 2661 382 2692 ic
437 2663 533 2693 um.

391 2709 514 2771 [22.]
564 2712 690 2759 Item
713 2716 909 2760 austero
932 2714 1086 2761 modo
1119 2718 1298 2763 tractat
1332 2716 1575 2763 moniales
1608 2731 1806 2763 sorores
1840 2731 1967 2774 suas,
1993 2716 2153 2763 eciam
2186 2730 2300 2762 cum

261 2786 428 2818 earum
449 2776 595 2820 amici
619 2778 843 2822 venerint
864 2778 930 2823 ad
960 2793 1044 2824 eas
1066 2780 1352 2827 visitandas

385 2850 459 2896 23.
509 2839 635 2884 Item
670 2841 909 2887 moniales
947 2842 1165 2889 iuniores
1200 2842 1301 2890 non
1338 2843 1527 2890 habent
1562 2843 1958 2891 informatricem
1992 2859 2091 2906 que
2126 2857 2211 2889 eas
2249 2842 2300 2889 in

260 2898 392 2945 lectu
413 2903 463 2945 et
485 2905 632 2948 cantu
654 2903 921 2951 informet.⁵
988 2906 1248 2953 Prouisum
1271 2911 1347 2954 est
1369 2908 1441 2954 eis
1466 2907 1530 2953 de
1554 2908 1902 2968 suppriorissa.

267 2960 383 3023 [FO.
410 2962 564 3025 58d.].

387 3040 461 3086 24.
510 3028 635 3075 Item
658 3030 893 3089 priorissa
915 3047 1027 3078 raro
1049 3035 1186 3080 venit
1208 3035 1274 3081 ad
1298 3035 1566 3081 matutinas
1598 3037 1684 3081 aut
1717 3034 1906 3093 missas,
1932 3037 1982 3081 et
2015 3049 2131 3081 cum
2163 3034 2302 3081 venit

263 3091 529 3148 exprobrat
552 3094 791 3139 moniales
814 3098 863 3139 et
886 3098 1171 3144 conuiciose
1194 3098 1412 3161 loquitur
1436 3099 1523 3144 eis.

331 3216 338 3223 ·
386 3164 459 3212 25.
529 3155 643 3201 Non
687 3157 966 3205 habuerunt
999 3162 1272 3209 seruientes
1315 3163 1366 3208 in
1400 3162 1775 3222 pandoxataria,
1811 3162 2020 3223 pistrina
2051 3176 2145 3208 nec
2178 3175 2299 3224 quo-

261 3229 409 3286 quma
445 3217 509 3262 ab
551 3218 723 3289 yltimo
743 3220 895 3288 ‘festo
930 3225 1200 3272 natiuitatis
1240 3227 1398 3272 sancti
1430 3226 1672 3287 Johannis
1702 3227 1929 3286 Baptiste
1961 3225 2136 3272 vltimo
2167 3239 2302 3272 anno

266 3278 383 3339 [ad]
421 3293 699 3338 proximum
733 3287 913 3330 testum
960 3287 1235 3346 Michaelis,
1270 3291 1322 3335 in
1354 3293 1548 3336 tantum
1581 3290 1719 3353 quod
1763 3291 1858 3336 ista
1892 3289 2154 3350 deponens
2187 3303 2302 3335 cum

260 3342 452 3413 auxil-io·
474 3343 680 3390 aliarum
712 3360 936 3393 sororum
967 3365 1165 3397 suarum
1206 3354 1400 3412 parauit
1443 3368 1641 3413 panem,
1678 3354 1940 3400 ceruisiam
1979 3357 2030 3400 et
2068 3354 2212 3400 cibos
2250 3356 2303 3399 et

262 3403 326 3449 de
348 3419 418 3450 eis
441 3420 491 3450 in
515 3421 726 3465 persona
749 3424 836 3455 sua
859 3413 1061 3459 seruiuit
1084 3417 1396 3462 monialibus.

363 3514 376 3538 ¹
405 3514 622 3554 Interlined
642 3520 766 3557 above
784 3521 829 3557 de
847 3524 1063 3562 cancelled.

362 3564 380 3588 2
404 3566 449 3602 de
467 3569 492 3604 k
520 3569 731 3606 cancelled.

364 3615 380 3639 3
402 3630 425 3666 q
443 3619 485 3654 in
511 3619 722 3659 cancelled.

362 3666 378 3689 ⁴
407 3667 520 3706 From
539 3670 606 3707 the
626 3672 790 3709 number
808 3673 1025 3715 references
1042 3678 1168 3716 which
1197 3691 1263 3718 are
1288 3680 1409 3730 given
1436 3681 1736 3731 subsequently,
1754 3681 1783 3719 it
1811 3694 1977 3732 appears
2004 3681 2091 3720 that
2118 3681 2196 3720 this
2222 3682 2302 3720 and

262 3717 329 3754 the
347 3719 634 3806 :zeti-‘detectum
653 3734 754 3810 Rege
773 3733 843 3761 not
862 3727 1091 3774 numbered,
1110 3743 1152 3767 as
1171 3730 1265 3780 they
1283 3744 1400 3781 agree
1420 3732 1459 3769 in
1479 3731 1546 3770 the
1565 3734 1669 3770 main
1689 3733 1784 3770 with
1803 3746 1888 3771 nos.
1912 3743 1927 3770 1
1950 3733 2029 3770 and
2051 3743 2111 3771 10.

468 3783 507 3818 ις
529 3783 648 3809 cance
683 3785 703 3810 e
737 3800 746 3810 .

268 3908 275 3916 ⁸
356 3859 378 3917 ‘¹
404 3862 477 3900 Le.
502 3860 660 3901 Rennes
679 3864 717 3901 in
740 3865 937 3923 Brittany.
991 3868 1066 3907 See
1087 3870 1280 3916 chancer,
1299 3874 1404 3912 Book
1422 3876 1471 3923 of
1484 3875 1545 3912 the
1562 3874 1763 3922 Duchesse,
1783 3876 1810 3914 l.
1828 3883 1919 3926 255,
1937 3876 2015 3914 and
2035 3877 2189 3916 Skeat’s
2207 3885 2301 3915 note

266 3922 306 3947 in
325 3909 386 3947 his
403 3911 464 3950 ed.
486 3912 527 3949 of
552 3912 762 3953 Chaucer's
785 3916 912 3955 Mmor
932 3921 1078 3969 Pocms,
1100 3923 1209 3971 1896,
1231 3937 1270 3973 p.
1290 3935 1377 3974 243.

2464 594 2476 613 ,¹

2462 614 2476 635 5

2466 659 2476 711 ἰ

2466 726 2476 743 '-

2472 957 2476 967 -
2460 754 2476 942 A'dea——d-u
