<?xml version="1.0" encoding="UTF-8"?>
<!DOCTYPE html PUBLIC "-//W3C//DTD XHTML 1.0 Transitional//EN"
    "http://www.w3.org/TR/xhtml1/DTD/xhtml1-transitional.dtd">
<html xmlns="http://www.w3.org/1999/xhtml" xml:lang="en" lang="en">
 <head>
  <title>
</title>
<meta http-equiv="Content-Type" content="text/html;charset=utf-8" />
  <meta name='ocr-system' content='tesseract 3.04.00' />
  <meta name='ocr-capabilities' content='ocr_page ocr_carea ocr_par ocr_line ocrx_word'/>
</head>
<body>
  <div class='ocr_page' id='page_1' title='image "./p1visitationsof02cathuoft_0226.png"; bbox 0 0 2488 4296; ppageno 0'>
   <div class='ocr_carea' id='block_1_1' title="bbox 289 383 1874 463">
    <p class='ocr_par' dir='ltr' id='par_1_1' title="bbox 289 383 1874 463">
     <span class='ocr_line' id='line_1_1' title="bbox 289 383 1874 463; baseline -0.004 -15"><span class='ocrx_word' id='word_1_1' title='bbox 289 395 365 463; x_wconf 85' lang='lat'><strong>76</strong></span> <span class='ocrx_word' id='word_1_2' title='bbox 740 386 1225 445; x_wconf 88' lang='lat' dir='ltr'><strong>ALNWICK’S</strong></span> <span class='ocrx_word' id='word_1_3' title='bbox 1308 383 1874 442; x_wconf 91' lang='lat' dir='ltr'><strong>VISITATIONS</strong></span> 
     </span>
    </p>
   </div>
   <div class='ocr_carea' id='block_1_2' title="bbox 283 539 2326 666">
    <p class='ocr_par' dir='ltr' id='par_1_2' title="bbox 283 539 2326 666">
     <span class='ocr_line' id='line_1_2' title="bbox 283 539 2326 602; baseline -0.002 -11"><span class='ocrx_word' id='word_1_4' title='bbox 283 543 820 591; x_wconf 85' lang='lat' dir='ltr'><strong>excommunicacionis</strong></span> <span class='ocrx_word' id='word_1_5' title='bbox 851 541 1185 601; x_wconf 44' lang='grc' dir='ltr'><strong>ιἠῙνιιεσιίζὺίε,1</strong></span> <span class='ocrx_word' id='word_1_6' title='bbox 1209 539 1571 587; x_wconf 90' lang='lat' dir='ltr'><strong>consuetudine</strong></span> <span class='ocrx_word' id='word_1_7' title='bbox 1605 539 1854 585; x_wconf 89' lang='lat' dir='ltr'><strong>contraria</strong></span> <span class='ocrx_word' id='word_1_8' title='bbox 1886 542 2326 602; x_wconf 88' lang='lat' dir='ltr'><strong>quantumcunque</strong></span> 
     </span>
     <span class='ocr_line' id='line_1_3' title="bbox 283 602 2325 666; baseline -0.002 -13"><span class='ocrx_word' id='word_1_9' title='bbox 283 608 524 654; x_wconf 89' lang='lat' dir='ltr'><strong>hactenus</strong></span> <span class='ocrx_word' id='word_1_10' title='bbox 559 607 750 662; x_wconf 89' lang='lat' dir='ltr'><strong>vsitata,</strong></span> <span class='ocrx_word' id='word_1_11' title='bbox 791 620 941 666; x_wconf 90' lang='lat' dir='ltr'><strong>quam</strong></span> <span class='ocrx_word' id='word_1_12' title='bbox 993 605 1168 663; x_wconf 87' lang='lat' dir='ltr'><strong>pocius</strong></span> <span class='ocrx_word' id='word_1_13' title='bbox 1204 603 1541 662; x_wconf 82' lang='lat' dir='ltr'><strong>corruptelam</strong></span> <span class='ocrx_word' id='word_1_14' title='bbox 1580 605 1881 661; x_wconf 89' lang='lat' dir='ltr'><strong>reputamus,</strong></span> <span class='ocrx_word' id='word_1_15' title='bbox 1923 602 1975 647; x_wconf 90' lang='lat' dir='ltr'><strong>in</strong></span> <span class='ocrx_word' id='word_1_16' title='bbox 2014 602 2182 664; x_wconf 88' lang='lat' dir='ltr'><strong>aliquo</strong></span> <span class='ocrx_word' id='word_1_17' title='bbox 2224 617 2325 650; x_wconf 89' lang='lat' dir='ltr'><strong>non</strong></span> 
     </span>
    </p>
   </div>
   <div class='ocr_carea' id='block_1_3' title="bbox 284 669 2325 789">
    <p class='ocr_par' dir='ltr' id='par_1_3' title="bbox 284 669 2325 789">
     <span class='ocr_line' id='line_1_4' title="bbox 284 669 549 717; baseline -0.008 0"><span class='ocrx_word' id='word_1_18' title='bbox 284 669 549 717; x_wconf 81' lang='lat' dir='ltr'><strong>obstante.²</strong></span> 
     </span>
     <span class='ocr_line' id='line_1_5' title="bbox 413 728 2325 789; baseline -0.002 -11"><span class='ocrx_word' id='word_1_19' title='bbox 413 734 539 779; x_wconf 85' lang='lat' dir='ltr'><strong>Item</strong></span> <span class='ocrx_word' id='word_1_20' title='bbox 563 733 863 789; x_wconf 89' lang='lat' dir='ltr'><strong>iniungimus</strong></span> <span class='ocrx_word' id='word_1_21' title='bbox 887 729 1030 775; x_wconf 90' lang='lat' dir='ltr'><strong>vobis</strong></span> <span class='ocrx_word' id='word_1_22' title='bbox 1052 729 1222 775; x_wconf 88' lang='lat' dir='ltr'><strong>abbati</strong></span> <span class='ocrx_word' id='word_1_23' title='bbox 1246 731 1296 774; x_wconf 90' lang='lat' dir='ltr'><strong>et</strong></span> <span class='ocrx_word' id='word_1_24' title='bbox 1319 728 1525 774; x_wconf 81' lang='lat' dir='ltr'><strong>cuilibet</strong></span> <span class='ocrx_word' id='word_1_25' title='bbox 1558 730 1725 774; x_wconf 92' lang='lat' dir='ltr'><strong>vestro</strong></span> <span class='ocrx_word' id='word_1_26' title='bbox 1759 728 2050 786; x_wconf 83' lang='lat' dir='ltr'><strong>successori,</strong></span> <span class='ocrx_word' id='word_1_27' title='bbox 2076 728 2169 774; x_wconf 90' lang='lat' dir='ltr'><strong>sub</strong></span> <span class='ocrx_word' id='word_1_28' title='bbox 2192 743 2325 788; x_wconf 91' lang='lat' dir='ltr'><strong>pena</strong></span> 
     </span>
    </p>
   </div>
   <div class='ocr_carea' id='block_1_4' title="bbox 281 791 2336 2816">
    <p class='ocr_par' dir='ltr' id='par_1_4' title="bbox 285 791 2331 1421">
     <span class='ocr_line' id='line_1_6' title="bbox 285 791 2324 855; baseline -0.001 -14"><span class='ocrx_word' id='word_1_29' title='bbox 285 796 586 855; x_wconf 88' lang='lat' dir='ltr'><strong>priuacionis</strong></span> <span class='ocrx_word' id='word_1_30' title='bbox 610 797 659 840; x_wconf 90' lang='lat' dir='ltr'><strong>et</strong></span> <span class='ocrx_word' id='word_1_31' title='bbox 681 797 922 852; x_wconf 83' lang='lat' dir='ltr'><strong>perpetue</strong></span> <span class='ocrx_word' id='word_1_32' title='bbox 946 793 1222 839; x_wconf 89' lang='lat' dir='ltr'><strong>amocionis</strong></span> <span class='ocrx_word' id='word_1_33' title='bbox 1244 792 1395 837; x_wconf 91' lang='lat' dir='ltr'><strong>vestri</strong></span> <span class='ocrx_word' id='word_1_34' title='bbox 1419 795 1460 836; x_wconf 82' lang='lat' dir='ltr'><strong>et</strong></span> <span class='ocrx_word' id='word_1_35' title='bbox 1483 791 1557 836; x_wconf 85' lang='lat' dir='ltr'><strong>sui</strong></span> <span class='ocrx_word' id='word_1_36' title='bbox 1579 806 1608 836; x_wconf 88' lang='lat' dir='ltr'><strong>a</strong></span> <span class='ocrx_word' id='word_1_37' title='bbox 1631 794 1762 837; x_wconf 90' lang='lat' dir='ltr'><strong>statu</strong></span> <span class='ocrx_word' id='word_1_38' title='bbox 1797 793 1847 837; x_wconf 88' lang='lat' dir='ltr'><strong>et</strong></span> <span class='ocrx_word' id='word_1_39' title='bbox 1881 791 2125 850; x_wconf 87' lang='lat' dir='ltr'><strong>dignitate</strong></span> <span class='ocrx_word' id='word_1_40' title='bbox 2159 791 2324 838; x_wconf 91' lang='lat' dir='ltr'><strong>huius-</strong></span> 
     </span>
     <span class='ocr_line' id='line_1_7' title="bbox 286 854 2329 916; baseline -0.001 -12"><span class='ocrx_word' id='word_1_41' title='bbox 286 859 422 904; x_wconf 89' lang='lat' dir='ltr'><strong>modi</strong></span> <span class='ocrx_word' id='word_1_42' title='bbox 457 857 702 903; x_wconf 87' lang='lat' dir='ltr'><strong>abbaciali</strong></span> <span class='ocrx_word' id='word_1_43' title='bbox 739 872 801 902; x_wconf 91' lang='lat' dir='ltr'><strong>ne</strong></span> <span class='ocrx_word' id='word_1_44' title='bbox 838 857 1068 916; x_wconf 84' lang='lat' dir='ltr'><strong>cuiquam</strong></span> <span class='ocrx_word' id='word_1_45' title='bbox 1106 858 1546 916; x_wconf 87' lang='lat' dir='ltr'><strong>quantumcunque</strong></span> <span class='ocrx_word' id='word_1_46' title='bbox 1582 854 1794 900; x_wconf 89' lang='lat' dir='ltr'><strong>honeste</strong></span> <span class='ocrx_word' id='word_1_47' title='bbox 1830 869 2045 913; x_wconf 89' lang='lat' dir='ltr'><strong>persone</strong></span> <span class='ocrx_word' id='word_1_48' title='bbox 2080 856 2204 900; x_wconf 89' lang='lat' dir='ltr'><strong>mari</strong></span> <span class='ocrx_word' id='word_1_49' title='bbox 2245 857 2329 901; x_wconf 89' lang='lat' dir='ltr'><strong>aut</strong></span> 
     </span>
     <span class='ocr_line' id='line_1_8' title="bbox 285 917 2326 978; baseline -0.001 -11"><span class='ocrx_word' id='word_1_50' title='bbox 285 921 470 967; x_wconf 76' lang='lat' dir='ltr'><strong>femine</strong></span> <span class='ocrx_word' id='word_1_51' title='bbox 507 920 717 976; x_wconf 90' lang='lat' dir='ltr'><strong>donetis,</strong></span> <span class='ocrx_word' id='word_1_52' title='bbox 758 920 1034 978; x_wconf 85' lang='lat' dir='ltr'><strong>assignetis,</strong></span> <span class='ocrx_word' id='word_1_53' title='bbox 1076 918 1367 964; x_wconf 88' lang='lat' dir='ltr'><strong>concedatis</strong></span> <span class='ocrx_word' id='word_1_54' title='bbox 1403 921 1487 963; x_wconf 92' lang='lat' dir='ltr'><strong>aut</strong></span> <span class='ocrx_word' id='word_1_55' title='bbox 1523 917 1753 963; x_wconf 81' lang='lat' dir='ltr'><strong>vendatis⁸</strong></span> <span class='ocrx_word' id='word_1_56' title='bbox 1791 917 2038 975; x_wconf 90' lang='lat' dir='ltr'><strong>corrodia,</strong></span> <span class='ocrx_word' id='word_1_57' title='bbox 2074 918 2326 975; x_wconf 88' lang='lat' dir='ltr'><strong>liberatas,</strong></span> 
     </span>
     <span class='ocr_line' id='line_1_9' title="bbox 285 980 2327 1044; baseline -0.002 -14"><span class='ocrx_word' id='word_1_58' title='bbox 285 985 553 1044; x_wconf 88' lang='lat' dir='ltr'><strong>pensiones</strong></span> <span class='ocrx_word' id='word_1_59' title='bbox 576 985 680 1028; x_wconf 90' lang='lat' dir='ltr'><strong>siue</strong></span> <span class='ocrx_word' id='word_1_60' title='bbox 703 985 995 1027; x_wconf 88' lang='lat' dir='ltr'><strong>annuetates</strong></span> <span class='ocrx_word' id='word_1_61' title='bbox 1018 983 1399 1040; x_wconf 86' lang='lat' dir='ltr'><strong>imperpetuum,</strong></span> <span class='ocrx_word' id='word_1_62' title='bbox 1425 980 1491 1025; x_wconf 91' lang='lat' dir='ltr'><strong>ad</strong></span> <span class='ocrx_word' id='word_1_63' title='bbox 1524 982 1791 1026; x_wconf 89' lang='lat' dir='ltr'><strong>terminum</strong></span> <span class='ocrx_word' id='word_1_64' title='bbox 1815 981 1916 1026; x_wconf 89' lang='lat' dir='ltr'><strong>vite</strong></span> <span class='ocrx_word' id='word_1_65' title='bbox 1938 981 2018 1026; x_wconf 90' lang='lat' dir='ltr'><strong>vel</strong></span> <span class='ocrx_word' id='word_1_66' title='bbox 2041 980 2106 1026; x_wconf 90' lang='lat' dir='ltr'><strong>ad</strong></span> <span class='ocrx_word' id='word_1_67' title='bbox 2138 984 2327 1027; x_wconf 89' lang='lat' dir='ltr'><strong>certum</strong></span> 
     </span>
     <span class='ocr_line' id='line_1_10' title="bbox 285 1043 2331 1106; baseline -0.001 -13"><span class='ocrx_word' id='word_1_68' title='bbox 285 1051 481 1106; x_wconf 89' lang='lat' dir='ltr'><strong>tempus</strong></span> <span class='ocrx_word' id='word_1_69' title='bbox 505 1047 598 1091; x_wconf 91' lang='lat' dir='ltr'><strong>nisi</strong></span> <span class='ocrx_word' id='word_1_70' title='bbox 624 1060 685 1092; x_wconf 93' lang='lat' dir='ltr'><strong>ex</strong></span> <span class='ocrx_word' id='word_1_71' title='bbox 707 1046 836 1090; x_wconf 90' lang='lat' dir='ltr'><strong>iusta</strong></span> <span class='ocrx_word' id='word_1_72' title='bbox 859 1048 908 1090; x_wconf 88' lang='lat' dir='ltr'><strong>et</strong></span> <span class='ocrx_word' id='word_1_73' title='bbox 931 1044 1223 1090; x_wconf 90' lang='lat' dir='ltr'><strong>racionabili</strong></span> <span class='ocrx_word' id='word_1_74' title='bbox 1247 1058 1396 1089; x_wconf 85' lang='lat' dir='ltr'><strong>causa</strong></span> <span class='ocrx_word' id='word_1_75' title='bbox 1419 1058 1509 1103; x_wconf 88' lang='lat' dir='ltr'><strong>per</strong></span> <span class='ocrx_word' id='word_1_76' title='bbox 1542 1058 1631 1089; x_wconf 91' lang='lat' dir='ltr'><strong>vos</strong></span> <span class='ocrx_word' id='word_1_77' title='bbox 1664 1044 1812 1089; x_wconf 91' lang='lat' dir='ltr'><strong>nobis</strong></span> <span class='ocrx_word' id='word_1_78' title='bbox 1844 1043 1923 1089; x_wconf 91' lang='lat' dir='ltr'><strong>vel</strong></span> <span class='ocrx_word' id='word_1_79' title='bbox 1957 1044 2331 1090; x_wconf 86' lang='lat' dir='ltr'><strong>successoribus</strong></span> 
     </span>
     <span class='ocr_line' id='line_1_11' title="bbox 286 1106 2330 1169; baseline -0.001 -14"><span class='ocrx_word' id='word_1_80' title='bbox 286 1111 468 1156; x_wconf 88' lang='lat' dir='ltr'><strong>nostris</strong></span> <span class='ocrx_word' id='word_1_81' title='bbox 505 1109 721 1169; x_wconf 81' lang='lat' dir='ltr'><strong>episcopis</strong></span> <span class='ocrx_word' id='word_1_82' title='bbox 759 1107 1165 1153; x_wconf 82' lang='lat' dir='ltr'><strong>Lincolniensibus</strong></span> <span class='ocrx_word' id='word_1_83' title='bbox 1198 1107 1423 1167; x_wconf 76' lang='lat' dir='ltr'><strong>primitus</strong></span> <span class='ocrx_word' id='word_1_84' title='bbox 1461 1108 1689 1166; x_wconf 87' lang='lat' dir='ltr'><strong>exposita</strong></span> <span class='ocrx_word' id='word_1_85' title='bbox 1727 1109 1777 1152; x_wconf 91' lang='lat' dir='ltr'><strong>et</strong></span> <span class='ocrx_word' id='word_1_86' title='bbox 1815 1121 1906 1166; x_wconf 91' lang='lat' dir='ltr'><strong>per</strong></span> <span class='ocrx_word' id='word_1_87' title='bbox 1945 1121 2037 1153; x_wconf 92' lang='lat' dir='ltr'><strong>nos</strong></span> <span class='ocrx_word' id='word_1_88' title='bbox 2075 1106 2155 1153; x_wconf 90' lang='lat' dir='ltr'><strong>vel</strong></span> <span class='ocrx_word' id='word_1_89' title='bbox 2192 1107 2330 1167; x_wconf 90' lang='lat' dir='ltr'><strong>ipsos</strong></span> 
     </span>
     <span class='ocr_line' id='line_1_12' title="bbox 286 1169 2330 1230; baseline -0.001 -12"><span class='ocrx_word' id='word_1_90' title='bbox 286 1175 483 1219; x_wconf 89' lang='lat' dir='ltr'><strong>nostros</strong></span> <span class='ocrx_word' id='word_1_91' title='bbox 527 1186 841 1217; x_wconf 88' lang='lat' dir='ltr'><strong>successores</strong></span> <span class='ocrx_word' id='word_1_92' title='bbox 886 1172 1064 1216; x_wconf 87' lang='lat' dir='ltr'><strong>merito</strong></span> <span class='ocrx_word' id='word_1_93' title='bbox 1109 1171 1389 1230; x_wconf 87' lang='lat' dir='ltr'><strong>approbata</strong></span> <span class='ocrx_word' id='word_1_94' title='bbox 1433 1185 1492 1216; x_wconf 88' lang='lat' dir='ltr'><strong>ac</strong></span> <span class='ocrx_word' id='word_1_95' title='bbox 1537 1170 1602 1216; x_wconf 92' lang='lat' dir='ltr'><strong>de</strong></span> <span class='ocrx_word' id='word_1_96' title='bbox 1648 1170 1804 1215; x_wconf 90' lang='lat' dir='ltr'><strong>nostri</strong></span> <span class='ocrx_word' id='word_1_97' title='bbox 1857 1169 1938 1216; x_wconf 91' lang='lat' dir='ltr'><strong>vel</strong></span> <span class='ocrx_word' id='word_1_98' title='bbox 1986 1185 2330 1216; x_wconf 89' lang='lat' dir='ltr'><strong>successorum</strong></span> 
     </span>
     <span class='ocr_line' id='line_1_13' title="bbox 285 1233 2328 1293; baseline -0 -12"><span class='ocrx_word' id='word_1_99' title='bbox 285 1238 568 1282; x_wconf 91' lang='lat' dir='ltr'><strong>nostrorum</strong></span> <span class='ocrx_word' id='word_1_100' title='bbox 592 1234 877 1280; x_wconf 88' lang='lat' dir='ltr'><strong>huiusmodi</strong></span> <span class='ocrx_word' id='word_1_101' title='bbox 900 1234 1111 1280; x_wconf 84' lang='lat' dir='ltr'><strong>licencia</strong></span> <span class='ocrx_word' id='word_1_102' title='bbox 1134 1234 1339 1293; x_wconf 88' lang='lat' dir='ltr'><strong>speciali</strong></span> <span class='ocrx_word' id='word_1_103' title='bbox 1362 1233 1427 1278; x_wconf 87' lang='lat' dir='ltr'><strong>ad</strong></span> <span class='ocrx_word' id='word_1_104' title='bbox 1452 1233 1550 1279; x_wconf 91' lang='lat' dir='ltr'><strong>hoc</strong></span> <span class='ocrx_word' id='word_1_105' title='bbox 1574 1233 1802 1292; x_wconf 86' lang='lat' dir='ltr'><strong>primitus</strong></span> <span class='ocrx_word' id='word_1_106' title='bbox 1835 1233 1992 1292; x_wconf 90' lang='lat' dir='ltr'><strong>petita</strong></span> <span class='ocrx_word' id='word_1_107' title='bbox 2025 1236 2076 1279; x_wconf 91' lang='lat' dir='ltr'><strong>et</strong></span> <span class='ocrx_word' id='word_1_108' title='bbox 2107 1234 2328 1291; x_wconf 89' lang='lat' dir='ltr'><strong>obtenta,</strong></span> 
     </span>
     <span class='ocr_line' id='line_1_14' title="bbox 288 1295 2331 1356; baseline -0 -12"><span class='ocrx_word' id='word_1_109' title='bbox 288 1302 338 1344; x_wconf 87' lang='lat' dir='ltr'><strong>et</strong></span> <span class='ocrx_word' id='word_1_110' title='bbox 377 1299 535 1344; x_wconf 92' lang='lat' dir='ltr'><strong>eciam</strong></span> <span class='ocrx_word' id='word_1_111' title='bbox 575 1312 822 1343; x_wconf 89' lang='lat' dir='ltr'><strong>consensu</strong></span> <span class='ocrx_word' id='word_1_112' title='bbox 860 1311 1098 1356; x_wconf 90' lang='lat' dir='ltr'><strong>expresso</strong></span> <span class='ocrx_word' id='word_1_113' title='bbox 1137 1297 1299 1342; x_wconf 90' lang='lat' dir='ltr'><strong>tocius</strong></span> <span class='ocrx_word' id='word_1_114' title='bbox 1337 1299 1615 1342; x_wconf 88' lang='lat' dir='ltr'><strong>conuentus</strong></span> <span class='ocrx_word' id='word_1_115' title='bbox 1653 1295 1754 1342; x_wconf 71' lang='lat' dir='ltr'><strong>aut4</strong></span> <span class='ocrx_word' id='word_1_116' title='bbox 1791 1297 2002 1342; x_wconf 90' lang='lat' dir='ltr'><strong>sanioris</strong></span> <span class='ocrx_word' id='word_1_117' title='bbox 2040 1299 2091 1343; x_wconf 89' lang='lat' dir='ltr'><strong>et</strong></span> <span class='ocrx_word' id='word_1_118' title='bbox 2129 1297 2331 1343; x_wconf 89' lang='lat' dir='ltr'><strong>maioris</strong></span> 
     </span>
     <span class='ocr_line' id='line_1_15' title="bbox 287 1360 1212 1421; baseline -0.002 -14"><span class='ocrx_word' id='word_1_119' title='bbox 287 1362 442 1421; x_wconf 88' lang='lat' dir='ltr'><strong>partis</strong></span> <span class='ocrx_word' id='word_1_120' title='bbox 465 1361 689 1406; x_wconf 90' lang='lat' dir='ltr'><strong>eiusdem</strong></span> <span class='ocrx_word' id='word_1_121' title='bbox 712 1360 778 1406; x_wconf 88' lang='lat' dir='ltr'><strong>ad</strong></span> <span class='ocrx_word' id='word_1_122' title='bbox 801 1360 899 1406; x_wconf 92' lang='lat' dir='ltr'><strong>hoc</strong></span> <span class='ocrx_word' id='word_1_123' title='bbox 922 1360 1212 1406; x_wconf 89' lang='lat' dir='ltr'><strong>accedente.</strong></span> 
     </span>
    </p>

    <p class='ocr_par' dir='ltr' id='par_1_5' title="bbox 285 1422 2333 1926">
     <span class='ocr_line' id='line_1_16' title="bbox 417 1422 2331 1482; baseline 0.001 -14"><span class='ocrx_word' id='word_1_124' title='bbox 417 1425 544 1470; x_wconf 89' lang='lat' dir='ltr'><strong>Item</strong></span> <span class='ocrx_word' id='word_1_125' title='bbox 568 1439 682 1470; x_wconf 93' lang='lat' dir='ltr'><strong>cum</strong></span> <span class='ocrx_word' id='word_1_126' title='bbox 705 1424 981 1469; x_wconf 89' lang='lat' dir='ltr'><strong>secundum</strong></span> <span class='ocrx_word' id='word_1_127' title='bbox 1005 1423 1223 1482; x_wconf 88' lang='lat' dir='ltr'><strong>regulam</strong></span> <span class='ocrx_word' id='word_1_128' title='bbox 1251 1422 1374 1468; x_wconf 85' lang='lat' dir='ltr'><strong>inibi</strong></span> <span class='ocrx_word' id='word_1_129' title='bbox 1406 1422 1686 1482; x_wconf 80' lang='lat' dir='ltr'><strong>professam</strong></span> <span class='ocrx_word' id='word_1_130' title='bbox 1710 1423 1940 1468; x_wconf 89' lang='lat' dir='ltr'><strong>canonici</strong></span> <span class='ocrx_word' id='word_1_131' title='bbox 1974 1424 2331 1469; x_wconf 90' lang='lat' dir='ltr'><strong>monasterium</strong></span> 
     </span>
     <span class='ocr_line' id='line_1_17' title="bbox 287 1486 2332 1548; baseline 0 -16"><span class='ocrx_word' id='word_1_132' title='bbox 287 1487 552 1533; x_wconf 91' lang='lat' dir='ltr'><strong>nullatinus</strong></span> <span class='ocrx_word' id='word_1_133' title='bbox 577 1487 837 1546; x_wconf 90' lang='lat' dir='ltr'><strong>pedestres</strong></span> <span class='ocrx_word' id='word_1_134' title='bbox 860 1488 965 1532; x_wconf 91' lang='lat' dir='ltr'><strong>siue</strong></span> <span class='ocrx_word' id='word_1_135' title='bbox 989 1490 1244 1548; x_wconf 87' lang='lat' dir='ltr'><strong>equestres</strong></span> <span class='ocrx_word' id='word_1_136' title='bbox 1263 1487 1456 1532; x_wconf 85' lang='lat' dir='ltr'><strong>exirent</strong></span> <span class='ocrx_word' id='word_1_137' title='bbox 1479 1487 1572 1531; x_wconf 90' lang='lat' dir='ltr'><strong>nisi</strong></span> <span class='ocrx_word' id='word_1_138' title='bbox 1597 1487 1734 1545; x_wconf 89' lang='lat' dir='ltr'><strong>capis</strong></span> <span class='ocrx_word' id='word_1_139' title='bbox 1753 1486 1932 1532; x_wconf 91' lang='lat' dir='ltr'><strong>clausis</strong></span> <span class='ocrx_word' id='word_1_140' title='bbox 1949 1489 1999 1532; x_wconf 94' lang='lat' dir='ltr'><strong>et</strong></span> <span class='ocrx_word' id='word_1_141' title='bbox 2022 1501 2123 1532; x_wconf 90' lang='lat' dir='ltr'><strong>non</strong></span> <span class='ocrx_word' id='word_1_142' title='bbox 2145 1487 2332 1546; x_wconf 88' lang='lat' dir='ltr'><strong>apertis</strong></span> 
     </span>
     <span class='ocr_line' id='line_1_18' title="bbox 287 1549 2332 1609; baseline 0 -13"><span class='ocrx_word' id='word_1_143' title='bbox 287 1551 461 1606; x_wconf 86' lang='lat' dir='ltr'><strong>induti,</strong></span> <span class='ocrx_word' id='word_1_144' title='bbox 487 1551 788 1609; x_wconf 89' lang='lat' dir='ltr'><strong>iniungimus</strong></span> <span class='ocrx_word' id='word_1_145' title='bbox 810 1551 954 1596; x_wconf 89' lang='lat' dir='ltr'><strong>vobis</strong></span> <span class='ocrx_word' id='word_1_146' title='bbox 983 1550 1226 1595; x_wconf 86' lang='lat' dir='ltr'><strong>v&#39;niuersis</strong></span> <span class='ocrx_word' id='word_1_147' title='bbox 1260 1554 1310 1595; x_wconf 94' lang='lat' dir='ltr'><strong>et</strong></span> <span class='ocrx_word' id='word_1_148' title='bbox 1343 1550 1566 1608; x_wconf 87' lang='lat' dir='ltr'><strong>singulis⁵</strong></span> <span class='ocrx_word' id='word_1_149' title='bbox 1588 1550 1905 1609; x_wconf 86' lang='lat' dir='ltr'><strong>presentibus</strong></span> <span class='ocrx_word' id='word_1_150' title='bbox 1939 1552 1989 1595; x_wconf 92' lang='lat' dir='ltr'><strong>et</strong></span> <span class='ocrx_word' id='word_1_151' title='bbox 2021 1549 2213 1607; x_wconf 80' lang='lat' dir='ltr'><strong>futuris,</strong></span> <span class='ocrx_word' id='word_1_152' title='bbox 2238 1550 2332 1596; x_wconf 89' lang='lat' dir='ltr'><strong>sub</strong></span> 
     </span>
     <span class='ocr_line' id='line_1_19' title="bbox 287 1613 2333 1675; baseline 0 -16"><span class='ocrx_word' id='word_1_153' title='bbox 287 1628 416 1673; x_wconf 91' lang='lat' dir='ltr'><strong>pena</strong></span> <span class='ocrx_word' id='word_1_154' title='bbox 450 1613 678 1659; x_wconf 88' lang='lat' dir='ltr'><strong>custodie</strong></span> <span class='ocrx_word' id='word_1_155' title='bbox 712 1614 986 1659; x_wconf 86' lang='lat' dir='ltr'><strong>claustralis</strong></span> <span class='ocrx_word' id='word_1_156' title='bbox 1019 1628 1109 1672; x_wconf 89' lang='lat' dir='ltr'><strong>per</strong></span> <span class='ocrx_word' id='word_1_157' title='bbox 1143 1628 1294 1658; x_wconf 88' lang='lat' dir='ltr'><strong>vnum</strong></span> <span class='ocrx_word' id='word_1_158' title='bbox 1329 1628 1551 1659; x_wconf 89' lang='lat' dir='ltr'><strong>mensem</strong></span> <span class='ocrx_word' id='word_1_159' title='bbox 1587 1613 1827 1674; x_wconf 88' lang='lat' dir='ltr'><strong>quociens</strong></span> <span class='ocrx_word' id='word_1_160' title='bbox 1860 1614 1910 1658; x_wconf 91' lang='lat' dir='ltr'><strong>in</strong></span> <span class='ocrx_word' id='word_1_161' title='bbox 1946 1613 2044 1659; x_wconf 92' lang='lat' dir='ltr'><strong>hoc</strong></span> <span class='ocrx_word' id='word_1_162' title='bbox 2067 1613 2333 1675; x_wconf 89' lang='lat' dir='ltr'><strong>deliquerit</strong></span> 
     </span>
     <span class='ocr_line' id='line_1_20' title="bbox 285 1675 2332 1738; baseline 0 -15"><span class='ocrx_word' id='word_1_163' title='bbox 285 1680 504 1723; x_wconf 89' lang='lat' dir='ltr'><strong>vestrum</strong></span> <span class='ocrx_word' id='word_1_164' title='bbox 527 1677 704 1738; x_wconf 90' lang='lat' dir='ltr'><strong>aliquis</strong></span> <span class='ocrx_word' id='word_1_165' title='bbox 732 1676 1005 1730; x_wconf 85' lang='lat' dir='ltr'><strong>inmediate</strong></span> <span class='ocrx_word' id='word_1_166' title='bbox 1039 1679 1345 1738; x_wconf 83' lang='lat' dir='ltr'><strong>sequentem,</strong></span> <span class='ocrx_word' id='word_1_167' title='bbox 1370 1679 1422 1721; x_wconf 91' lang='lat' dir='ltr'><strong>vt</strong></span> <span class='ocrx_word' id='word_1_168' title='bbox 1456 1677 1678 1735; x_wconf 85' lang='lat' dir='ltr'><strong>regulam</strong></span> <span class='ocrx_word' id='word_1_169' title='bbox 1711 1679 1928 1722; x_wconf 88' lang='lat' dir='ltr'><strong>vestram</strong></span> <span class='ocrx_word' id='word_1_170' title='bbox 1960 1675 2246 1722; x_wconf 91' lang='lat' dir='ltr'><strong>huiusmodi</strong></span> <span class='ocrx_word' id='word_1_171' title='bbox 2279 1677 2332 1723; x_wconf 90' lang='lat' dir='ltr'><strong>in</strong></span> 
     </span>
     <span class='ocr_line' id='line_1_21' title="bbox 286 1740 2332 1802; baseline 0 -16"><span class='ocrx_word' id='word_1_172' title='bbox 286 1741 358 1786; x_wconf 93' lang='lat' dir='ltr'><strong>sic</strong></span> <span class='ocrx_word' id='word_1_173' title='bbox 377 1740 606 1786; x_wconf 91' lang='lat' dir='ltr'><strong>exeundo</strong></span> <span class='ocrx_word' id='word_1_174' title='bbox 624 1741 822 1799; x_wconf 91' lang='lat' dir='ltr'><strong>penitus</strong></span> <span class='ocrx_word' id='word_1_175' title='bbox 841 1740 1145 1797; x_wconf 90' lang='lat' dir='ltr'><strong>obseruetis;</strong></span> <span class='ocrx_word' id='word_1_176' title='bbox 1171 1740 1409 1802; x_wconf 92' lang='lat' dir='ltr'><strong>quodque</strong></span> <span class='ocrx_word' id='word_1_177' title='bbox 1427 1740 1656 1785; x_wconf 89' lang='lat' dir='ltr'><strong>canonici</strong></span> <span class='ocrx_word' id='word_1_178' title='bbox 1680 1742 1867 1785; x_wconf 88' lang='lat' dir='ltr'><strong>stantes</strong></span> <span class='ocrx_word' id='word_1_179' title='bbox 1890 1740 1941 1786; x_wconf 93' lang='lat' dir='ltr'><strong>in</strong></span> <span class='ocrx_word' id='word_1_180' title='bbox 1965 1740 2332 1786; x_wconf 89' lang='lat' dir='ltr'><strong>minucionibus</strong></span> 
     </span>
     <span class='ocr_line' id='line_1_22' title="bbox 287 1803 2332 1860; baseline 0 -12"><span class='ocrx_word' id='word_1_181' title='bbox 287 1817 387 1849; x_wconf 91' lang='lat' dir='ltr'><strong>non</strong></span> <span class='ocrx_word' id='word_1_182' title='bbox 411 1803 503 1849; x_wconf 91' lang='lat' dir='ltr'><strong>soli</strong></span> <span class='ocrx_word' id='word_1_183' title='bbox 527 1803 617 1849; x_wconf 91' lang='lat' dir='ltr'><strong>sed</strong></span> <span class='ocrx_word' id='word_1_184' title='bbox 641 1803 786 1848; x_wconf 90' lang='lat' dir='ltr'><strong>simul</strong></span> <span class='ocrx_word' id='word_1_185' title='bbox 809 1803 1046 1849; x_wconf 86' lang='lat' dir='ltr'><strong>incedant</strong></span> <span class='ocrx_word' id='word_1_186' title='bbox 1069 1803 1135 1849; x_wconf 90' lang='lat' dir='ltr'><strong>ad</strong></span> <span class='ocrx_word' id='word_1_187' title='bbox 1169 1804 1353 1849; x_wconf 88' lang='lat' dir='ltr'><strong>solacia</strong></span> <span class='ocrx_word' id='word_1_188' title='bbox 1378 1818 1479 1860; x_wconf 88' lang='lat' dir='ltr'><strong>sua,</strong></span> <span class='ocrx_word' id='word_1_189' title='bbox 1505 1807 1555 1849; x_wconf 90' lang='lat' dir='ltr'><strong>et</strong></span> <span class='ocrx_word' id='word_1_190' title='bbox 1578 1803 1650 1848; x_wconf 91' lang='lat' dir='ltr'><strong>sic</strong></span> <span class='ocrx_word' id='word_1_191' title='bbox 1684 1803 1830 1848; x_wconf 91' lang='lat' dir='ltr'><strong>simul</strong></span> <span class='ocrx_word' id='word_1_192' title='bbox 1864 1806 2054 1849; x_wconf 89' lang='lat' dir='ltr'><strong>stantes</strong></span> <span class='ocrx_word' id='word_1_193' title='bbox 2087 1803 2233 1849; x_wconf 86' lang='lat' dir='ltr'><strong>simul</strong></span> <span class='ocrx_word' id='word_1_194' title='bbox 2265 1803 2332 1850; x_wconf 89' lang='lat' dir='ltr'><strong>ad</strong></span> 
     </span>
     <span class='ocr_line' id='line_1_23' title="bbox 286 1865 1844 1926; baseline 0 -14"><span class='ocrx_word' id='word_1_195' title='bbox 286 1868 641 1912; x_wconf 90' lang='lat' dir='ltr'><strong>monasterium</strong></span> <span class='ocrx_word' id='word_1_196' title='bbox 665 1869 976 1912; x_wconf 90' lang='lat' dir='ltr'><strong>reuertantur</strong></span> <span class='ocrx_word' id='word_1_197' title='bbox 1001 1867 1092 1911; x_wconf 92' lang='lat' dir='ltr'><strong>sub</strong></span> <span class='ocrx_word' id='word_1_198' title='bbox 1116 1881 1247 1926; x_wconf 91' lang='lat' dir='ltr'><strong>pena</strong></span> <span class='ocrx_word' id='word_1_199' title='bbox 1270 1868 1498 1926; x_wconf 87' lang='lat' dir='ltr'><strong>proxime</strong></span> <span class='ocrx_word' id='word_1_200' title='bbox 1522 1865 1844 1926; x_wconf 79' lang='lat' dir='ltr'><strong>supradicta.⁶</strong></span> 
     </span>
    </p>

    <p class='ocr_par' dir='ltr' id='par_1_6' title="bbox 281 1929 2336 2687">
     <span class='ocr_line' id='line_1_24' title="bbox 416 1929 2332 1976; baseline 0.001 -1"><span class='ocrx_word' id='word_1_201' title='bbox 416 1931 543 1976; x_wconf 90' lang='lat' dir='ltr'><strong>Item</strong></span> <span class='ocrx_word' id='word_1_202' title='bbox 582 1944 695 1975; x_wconf 91' lang='lat' dir='ltr'><strong>cum</strong></span> <span class='ocrx_word' id='word_1_203' title='bbox 733 1930 880 1975; x_wconf 91' lang='lat' dir='ltr'><strong>nobis</strong></span> <span class='ocrx_word' id='word_1_204' title='bbox 919 1931 970 1975; x_wconf 94' lang='lat' dir='ltr'><strong>in</strong></span> <span class='ocrx_word' id='word_1_205' title='bbox 1010 1929 1295 1976; x_wconf 91' lang='lat' dir='ltr'><strong>huiusmodi</strong></span> <span class='ocrx_word' id='word_1_206' title='bbox 1334 1931 1627 1976; x_wconf 88' lang='lat' dir='ltr'><strong>visitacione</strong></span> <span class='ocrx_word' id='word_1_207' title='bbox 1672 1933 1842 1976; x_wconf 89' lang='lat' dir='ltr'><strong>nostra</strong></span> <span class='ocrx_word' id='word_1_208' title='bbox 1881 1930 2044 1976; x_wconf 82' lang='lat' dir='ltr'><strong>nobis⁷</strong></span> <span class='ocrx_word' id='word_1_209' title='bbox 2077 1929 2332 1976; x_wconf 90' lang='lat' dir='ltr'><strong>detectum</strong></span> 
     </span>
     <span class='ocr_line' id='line_1_25' title="bbox 287 1992 2331 2054; baseline 0 -16"><span class='ocrx_word' id='word_1_210' title='bbox 287 1994 464 2039; x_wconf 89' lang='lat' dir='ltr'><strong>existat</strong></span> <span class='ocrx_word' id='word_1_211' title='bbox 498 1993 636 2054; x_wconf 91' lang='lat' dir='ltr'><strong>quod</strong></span> <span class='ocrx_word' id='word_1_212' title='bbox 669 1994 808 2054; x_wconf 89' lang='lat' dir='ltr'><strong>quasi</strong></span> <span class='ocrx_word' id='word_1_213' title='bbox 843 1993 1050 2053; x_wconf 89' lang='lat' dir='ltr'><strong>singulis</strong></span> <span class='ocrx_word' id='word_1_214' title='bbox 1084 1993 1263 2039; x_wconf 92' lang='lat' dir='ltr'><strong>diebus</strong></span> <span class='ocrx_word' id='word_1_215' title='bbox 1296 1997 1411 2053; x_wconf 90' lang='lat' dir='ltr'><strong>post</strong></span> <span class='ocrx_word' id='word_1_216' title='bbox 1445 1997 1495 2039; x_wconf 91' lang='lat' dir='ltr'><strong>et</strong></span> <span class='ocrx_word' id='word_1_217' title='bbox 1529 1996 1646 2039; x_wconf 87' lang='lat' dir='ltr'><strong>ante</strong></span> <span class='ocrx_word' id='word_1_218' title='bbox 1679 1993 1947 2052; x_wconf 87' lang='lat' dir='ltr'><strong>prandium</strong></span> <span class='ocrx_word' id='word_1_219' title='bbox 1968 1992 2024 2038; x_wconf 87' lang='lat' dir='ltr'><strong>fit</strong></span> <span class='ocrx_word' id='word_1_220' title='bbox 2045 2007 2331 2050; x_wconf 85' lang='lat' dir='ltr'><strong>concursus,</strong></span> 
     </span>
     <span class='ocr_line' id='line_1_26' title="bbox 287 2056 2334 2117; baseline 0 -16"><span class='ocrx_word' id='word_1_221' title='bbox 287 2057 641 2102; x_wconf 88' lang='lat' dir='ltr'><strong>canonicorum</strong></span> <span class='ocrx_word' id='word_1_222' title='bbox 665 2056 850 2102; x_wconf 89' lang='lat' dir='ltr'><strong>nedum</strong></span> <span class='ocrx_word' id='word_1_223' title='bbox 875 2057 965 2102; x_wconf 92' lang='lat' dir='ltr'><strong>sed</strong></span> <span class='ocrx_word' id='word_1_224' title='bbox 990 2057 1150 2102; x_wconf 90' lang='lat' dir='ltr'><strong>eciam</strong></span> <span class='ocrx_word' id='word_1_225' title='bbox 1173 2058 1470 2103; x_wconf 90' lang='lat' dir='ltr'><strong>secularium</strong></span> <span class='ocrx_word' id='word_1_226' title='bbox 1504 2071 1845 2117; x_wconf 89' lang='lat' dir='ltr'><strong>personarum,</strong></span> <span class='ocrx_word' id='word_1_227' title='bbox 1870 2056 2048 2102; x_wconf 80' lang='lat' dir='ltr'><strong>eciam⁸</strong></span> <span class='ocrx_word' id='word_1_228' title='bbox 2070 2057 2334 2103; x_wconf 89' lang='lat' dir='ltr'><strong>mulierum</strong></span> 
     </span>
     <span class='ocr_line' id='line_1_27' title="bbox 287 2119 2335 2180; baseline 0.001 -16"><span class='ocrx_word' id='word_1_229' title='bbox 287 2119 675 2173; x_wconf 83' lang='lat' dir='ltr'><strong>inhonestarum,</strong></span> <span class='ocrx_word' id='word_1_230' title='bbox 708 2119 773 2165; x_wconf 91' lang='lat' dir='ltr'><strong>ad</strong></span> <span class='ocrx_word' id='word_1_231' title='bbox 819 2123 980 2166; x_wconf 90' lang='lat' dir='ltr'><strong>certas</strong></span> <span class='ocrx_word' id='word_1_232' title='bbox 1025 2135 1248 2167; x_wconf 87' lang='lat' dir='ltr'><strong>cameras</strong></span> <span class='ocrx_word' id='word_1_233' title='bbox 1293 2121 1512 2180; x_wconf 88' lang='lat' dir='ltr'><strong>priuatas</strong></span> <span class='ocrx_word' id='word_1_234' title='bbox 1557 2120 1707 2166; x_wconf 91' lang='lat' dir='ltr'><strong>certis</strong></span> <span class='ocrx_word' id='word_1_235' title='bbox 1751 2120 2006 2166; x_wconf 90' lang='lat' dir='ltr'><strong>canonicis</strong></span> <span class='ocrx_word' id='word_1_236' title='bbox 2050 2120 2180 2166; x_wconf 80' lang='lat' dir='ltr'><strong>infra</strong></span> <span class='ocrx_word' id='word_1_237' title='bbox 2222 2120 2335 2167; x_wconf 88' lang='lat' dir='ltr'><strong>loca</strong></span> 
     </span>
     <span class='ocr_line' id='line_1_28' title="bbox 287 2183 2335 2246; baseline 0 -18"><span class='ocrx_word' id='word_1_238' title='bbox 287 2183 567 2228; x_wconf 88' lang='lat' dir='ltr'><strong>claustralia</strong></span> <span class='ocrx_word' id='word_1_239' title='bbox 590 2184 877 2242; x_wconf 88' lang='lat' dir='ltr'><strong>assignatas,</strong></span> <span class='ocrx_word' id='word_1_240' title='bbox 903 2184 986 2229; x_wconf 92' lang='lat' dir='ltr'><strong>vbi</strong></span> <span class='ocrx_word' id='word_1_241' title='bbox 1018 2187 1314 2230; x_wconf 86' lang='lat' dir='ltr'><strong>exercentur</strong></span> <span class='ocrx_word' id='word_1_242' title='bbox 1337 2185 1645 2243; x_wconf 89' lang='lat' dir='ltr'><strong>potaciones,</strong></span> <span class='ocrx_word' id='word_1_243' title='bbox 1671 2183 2059 2240; x_wconf 89' lang='lat' dir='ltr'><strong>comesaciones,</strong></span> <span class='ocrx_word' id='word_1_244' title='bbox 2085 2183 2335 2246; x_wconf 91' lang='lat' dir='ltr'><strong>colloquia</strong></span> 
     </span>
     <span class='ocr_line' id='line_1_29' title="bbox 285 2246 2334 2307; baseline 0.001 -16"><span class='ocrx_word' id='word_1_245' title='bbox 285 2260 451 2305; x_wconf 83' lang='lat' dir='ltr'><strong>praua,</strong></span> <span class='ocrx_word' id='word_1_246' title='bbox 477 2246 581 2291; x_wconf 93' lang='lat' dir='ltr'><strong>ludi</strong></span> <span class='ocrx_word' id='word_1_247' title='bbox 616 2247 750 2306; x_wconf 87' lang='lat' dir='ltr'><strong>noxij</strong></span> <span class='ocrx_word' id='word_1_248' title='bbox 788 2250 838 2292; x_wconf 91' lang='lat' dir='ltr'><strong>et</strong></span> <span class='ocrx_word' id='word_1_249' title='bbox 871 2247 983 2292; x_wconf 81' lang='lat' dir='ltr'><strong>alia⁹</strong></span> <span class='ocrx_word' id='word_1_250' title='bbox 1018 2247 1160 2306; x_wconf 89' lang='lat' dir='ltr'><strong>plura</strong></span> <span class='ocrx_word' id='word_1_251' title='bbox 1183 2248 1300 2293; x_wconf 90' lang='lat' dir='ltr'><strong>viris</strong></span> <span class='ocrx_word' id='word_1_252' title='bbox 1324 2248 1563 2307; x_wconf 85' lang='lat' dir='ltr'><strong>religiosis</strong></span> <span class='ocrx_word' id='word_1_253' title='bbox 1586 2250 1872 2293; x_wconf 89' lang='lat' dir='ltr'><strong>Sanctorum</strong></span> <span class='ocrx_word' id='word_1_254' title='bbox 1895 2250 2094 2306; x_wconf 90' lang='lat' dir='ltr'><strong>patrum</strong></span> <span class='ocrx_word' id='word_1_255' title='bbox 2117 2247 2334 2293; x_wconf 89' lang='lat' dir='ltr'><strong>decretis</strong></span> 
     </span>
     <span class='ocr_line' id='line_1_30' title="bbox 284 2308 2332 2372; baseline 0.001 -18"><span class='ocrx_word' id='word_1_256' title='bbox 284 2311 483 2368; x_wconf 89' lang='lat' dir='ltr'><strong>penitus</strong></span> <span class='ocrx_word' id='word_1_257' title='bbox 506 2310 784 2366; x_wconf 85' lang='lat' dir='ltr'><strong>interdicta,</strong></span> <span class='ocrx_word' id='word_1_258' title='bbox 811 2325 900 2369; x_wconf 88' lang='lat' dir='ltr'><strong>per</strong></span> <span class='ocrx_word' id='word_1_259' title='bbox 924 2325 1021 2371; x_wconf 93' lang='lat' dir='ltr'><strong>que</strong></span> <span class='ocrx_word' id='word_1_260' title='bbox 1046 2311 1221 2370; x_wconf 87' lang='lat' dir='ltr'><strong>religio</strong></span> <span class='ocrx_word' id='word_1_261' title='bbox 1244 2313 1351 2357; x_wconf 88' lang='lat' dir='ltr'><strong>tota</strong></span> <span class='ocrx_word' id='word_1_262' title='bbox 1373 2311 1496 2356; x_wconf 94' lang='lat' dir='ltr'><strong>inibi</strong></span> <span class='ocrx_word' id='word_1_263' title='bbox 1521 2311 1662 2372; x_wconf 88' lang='lat' dir='ltr'><strong>quasi</strong></span> <span class='ocrx_word' id='word_1_264' title='bbox 1702 2309 1797 2371; x_wconf 88' lang='lat' dir='ltr'><strong>[fo.</strong></span> <span class='ocrx_word' id='word_1_265' title='bbox 1826 2308 1942 2371; x_wconf 89' lang='lat'><em>113]</em></span> <span class='ocrx_word' id='word_1_266' title='bbox 1980 2310 2220 2356; x_wconf 89' lang='lat' dir='ltr'><strong>subuersa</strong></span> <span class='ocrx_word' id='word_1_267' title='bbox 2243 2314 2332 2368; x_wconf 86' lang='lat' dir='ltr'><strong>est,</strong></span> 
     </span>
     <span class='ocr_line' id='line_1_31' title="bbox 284 2372 2334 2434; baseline 0.001 -17"><span class='ocrx_word' id='word_1_268' title='bbox 284 2372 586 2431; x_wconf 91' lang='lat' dir='ltr'><strong>iniungimus</strong></span> <span class='ocrx_word' id='word_1_269' title='bbox 609 2373 798 2418; x_wconf 88' lang='lat' dir='ltr'><strong>idcirco</strong></span> <span class='ocrx_word' id='word_1_270' title='bbox 822 2374 966 2418; x_wconf 85' lang='lat' dir='ltr'><strong>vobis</strong></span> <span class='ocrx_word' id='word_1_271' title='bbox 989 2374 1233 2420; x_wconf 90' lang='lat' dir='ltr'><strong>vniuersis</strong></span> <span class='ocrx_word' id='word_1_272' title='bbox 1268 2377 1318 2420; x_wconf 93' lang='lat' dir='ltr'><strong>et</strong></span> <span class='ocrx_word' id='word_1_273' title='bbox 1351 2374 1558 2434; x_wconf 90' lang='lat' dir='ltr'><strong>singulis</strong></span> <span class='ocrx_word' id='word_1_274' title='bbox 1592 2374 1910 2434; x_wconf 87' lang='lat' dir='ltr'><strong>presentibus</strong></span> <span class='ocrx_word' id='word_1_275' title='bbox 1944 2377 1995 2420; x_wconf 93' lang='lat' dir='ltr'><strong>et</strong></span> <span class='ocrx_word' id='word_1_276' title='bbox 2027 2373 2207 2420; x_wconf 80' lang='lat' dir='ltr'><strong>futuris</strong></span> <span class='ocrx_word' id='word_1_277' title='bbox 2241 2374 2334 2420; x_wconf 90' lang='lat' dir='ltr'><strong>sub</strong></span> 
     </span>
     <span class='ocr_line' id='line_1_32' title="bbox 283 2436 2334 2498; baseline 0.001 -17"><span class='ocrx_word' id='word_1_278' title='bbox 283 2437 425 2494; x_wconf 90' lang='lat' dir='ltr'><strong>penis</strong></span> <span class='ocrx_word' id='word_1_279' title='bbox 449 2451 598 2495; x_wconf 88' lang='lat' dir='ltr'><strong>supra</strong></span> <span class='ocrx_word' id='word_1_280' title='bbox 621 2439 670 2481; x_wconf 92' lang='lat' dir='ltr'><strong>et</strong></span> <span class='ocrx_word' id='word_1_281' title='bbox 694 2436 1037 2496; x_wconf 86' lang='lat' dir='ltr'><strong>infrascriptis,</strong></span> <span class='ocrx_word' id='word_1_282' title='bbox 1064 2452 1128 2483; x_wconf 92' lang='lat' dir='ltr'><strong>ne</strong></span> <span class='ocrx_word' id='word_1_283' title='bbox 1163 2437 1399 2484; x_wconf 88' lang='lat' dir='ltr'><strong>decetero</strong></span> <span class='ocrx_word' id='word_1_284' title='bbox 1435 2438 1559 2483; x_wconf 89' lang='lat' dir='ltr'><strong>tales</strong></span> <span class='ocrx_word' id='word_1_285' title='bbox 1594 2451 1792 2484; x_wconf 88' lang='lat' dir='ltr'><strong>camere</strong></span> <span class='ocrx_word' id='word_1_286' title='bbox 1825 2437 2073 2498; x_wconf 90' lang='lat' dir='ltr'><strong>aliquibus</strong></span> <span class='ocrx_word' id='word_1_287' title='bbox 2105 2438 2334 2497; x_wconf 91' lang='lat' dir='ltr'><strong>personis</strong></span> 
     </span>
     <span class='ocr_line' id='line_1_33' title="bbox 281 2499 2336 2560; baseline 0.001 -17"><span class='ocrx_word' id='word_1_288' title='bbox 281 2499 446 2544; x_wconf 82' lang='lat' dir='ltr'><strong>saltem</strong></span> <span class='ocrx_word' id='word_1_289' title='bbox 469 2499 682 2559; x_wconf 78' lang='lat' dir='ltr'><strong>suspectis</strong></span> <span class='ocrx_word' id='word_1_290' title='bbox 706 2500 960 2546; x_wconf 82' lang='lat' dir='ltr'><strong>decetero⁷</strong></span> <span class='ocrx_word' id='word_1_291' title='bbox 983 2501 1298 2560; x_wconf 84' lang='lat' dir='ltr'><strong>assignentur</strong></span> <span class='ocrx_word' id='word_1_292' title='bbox 1318 2517 1412 2547; x_wconf 91' lang='lat' dir='ltr'><strong>nec</strong></span> <span class='ocrx_word' id='word_1_293' title='bbox 1434 2502 1485 2546; x_wconf 93' lang='lat' dir='ltr'><strong>in</strong></span> <span class='ocrx_word' id='word_1_294' title='bbox 1509 2501 1631 2560; x_wconf 90' lang='lat' dir='ltr'><strong>ipsis</strong></span> <span class='ocrx_word' id='word_1_295' title='bbox 1655 2500 1772 2546; x_wconf 87' lang='lat' dir='ltr'><strong>talia</strong></span> <span class='ocrx_word' id='word_1_296' title='bbox 1795 2499 2172 2558; x_wconf 85' lang='lat' dir='ltr'><strong>exe1·ceantur,¹⁰</strong></span> <span class='ocrx_word' id='word_1_297' title='bbox 2185 2516 2250 2546; x_wconf 91' lang='lat' dir='ltr'><strong>ne</strong></span> <span class='ocrx_word' id='word_1_298' title='bbox 2273 2515 2336 2547; x_wconf 88' lang='lat' dir='ltr'><strong>ex</strong></span> 
     </span>
     <span class='ocr_line' id='line_1_34' title="bbox 283 2561 2330 2624; baseline 0.001 -17"><span class='ocrx_word' id='word_1_299' title='bbox 283 2561 378 2607; x_wconf 90' lang='lat' dir='ltr'><strong>hiis</strong></span> <span class='ocrx_word' id='word_1_300' title='bbox 418 2563 665 2608; x_wconf 89' lang='lat' dir='ltr'><strong>modestia</strong></span> <span class='ocrx_word' id='word_1_301' title='bbox 705 2563 981 2608; x_wconf 88' lang='lat' dir='ltr'><strong>claustralis</strong></span> <span class='ocrx_word' id='word_1_302' title='bbox 1019 2567 1104 2609; x_wconf 90' lang='lat' dir='ltr'><strong>aut</strong></span> <span class='ocrx_word' id='word_1_303' title='bbox 1149 2564 1386 2611; x_wconf 87' lang='lat' dir='ltr'><strong>honestas</strong></span> <span class='ocrx_word' id='word_1_304' title='bbox 1431 2565 1686 2624; x_wconf 89' lang='lat' dir='ltr'><strong>religionis</strong></span> <span class='ocrx_word' id='word_1_305' title='bbox 1732 2579 1821 2610; x_wconf 89' lang='lat' dir='ltr'><strong>seu</strong></span> <span class='ocrx_word' id='word_1_306' title='bbox 1863 2564 1998 2610; x_wconf 79' lang='lat' dir='ltr'><strong>fama</strong></span> <span class='ocrx_word' id='word_1_307' title='bbox 2042 2564 2330 2624; x_wconf 87' lang='lat' dir='ltr'><strong>monasterij</strong></span> 
     </span>
     <span class='ocr_line' id='line_1_35' title="bbox 283 2627 1591 2687; baseline 0.002 -17"><span class='ocrx_word' id='word_1_308' title='bbox 283 2640 671 2684; x_wconf 86' lang='lat' dir='ltr'><strong>personarumve</strong></span> <span class='ocrx_word' id='word_1_309' title='bbox 695 2627 919 2672; x_wconf 90' lang='lat' dir='ltr'><strong>eiusdem</strong></span> <span class='ocrx_word' id='word_1_310' title='bbox 944 2628 1278 2687; x_wconf 90' lang='lat' dir='ltr'><strong>quouismodo</strong></span> <span class='ocrx_word' id='word_1_311' title='bbox 1303 2629 1591 2674; x_wconf 88' lang='lat' dir='ltr'><strong>maculetur.</strong></span> 
     </span>
    </p>

    <p class='ocr_par' dir='ltr' id='par_1_7' title="bbox 284 2689 2333 2816">
     <span class='ocr_line' id='line_1_36' title="bbox 413 2689 2333 2750; baseline 0.002 -17"><span class='ocrx_word' id='word_1_312' title='bbox 413 2689 539 2734; x_wconf 91' lang='lat' dir='ltr'><strong>Item</strong></span> <span class='ocrx_word' id='word_1_313' title='bbox 563 2690 865 2748; x_wconf 89' lang='lat' dir='ltr'><strong>iniungimus</strong></span> <span class='ocrx_word' id='word_1_314' title='bbox 889 2692 1031 2735; x_wconf 87' lang='lat' dir='ltr'><strong>vobis</strong></span> <span class='ocrx_word' id='word_1_315' title='bbox 1054 2692 1224 2736; x_wconf 89' lang='lat' dir='ltr'><strong>abbati</strong></span> <span class='ocrx_word' id='word_1_316' title='bbox 1249 2695 1299 2737; x_wconf 90' lang='lat' dir='ltr'><strong>et</strong></span> <span class='ocrx_word' id='word_1_317' title='bbox 1324 2692 1528 2737; x_wconf 89' lang='lat' dir='ltr'><strong>cuilibet</strong></span> <span class='ocrx_word' id='word_1_318' title='bbox 1561 2693 1728 2737; x_wconf 86' lang='lat' dir='ltr'><strong>vestro</strong></span> <span class='ocrx_word' id='word_1_319' title='bbox 1762 2691 2039 2737; x_wconf 88' lang='lat' dir='ltr'><strong>successori</strong></span> <span class='ocrx_word' id='word_1_320' title='bbox 2074 2691 2166 2736; x_wconf 92' lang='lat' dir='ltr'><strong>sub</strong></span> <span class='ocrx_word' id='word_1_321' title='bbox 2200 2705 2333 2750; x_wconf 90' lang='lat' dir='ltr'><strong>pena</strong></span> 
     </span>
     <span class='ocr_line' id='line_1_37' title="bbox 284 2753 2330 2816; baseline 0.002 -20"><span class='ocrx_word' id='word_1_322' title='bbox 284 2753 820 2798; x_wconf 84' lang='lat' dir='ltr'><strong>excommunicacionis</strong></span> <span class='ocrx_word' id='word_1_323' title='bbox 845 2753 1194 2814; x_wconf 73' lang='lat' dir='ltr'><strong>infrascripte,¹¹</strong></span> <span class='ocrx_word' id='word_1_324' title='bbox 1209 2755 1640 2816; x_wconf 88' lang='lat' dir='ltr'><strong>singularibusque</strong></span> <span class='ocrx_word' id='word_1_325' title='bbox 1658 2755 1886 2813; x_wconf 90' lang='lat' dir='ltr'><strong>personis</strong></span> <span class='ocrx_word' id='word_1_326' title='bbox 1906 2754 2027 2799; x_wconf 90' lang='lat' dir='ltr'><strong>dicti</strong></span> <span class='ocrx_word' id='word_1_327' title='bbox 2043 2755 2330 2814; x_wconf 89' lang='lat' dir='ltr'><strong>monasterij</strong></span> 
     </span>
    </p>
   </div>
   <div class='ocr_carea' id='block_1_5' title="bbox 295 2835 1682 2843">
    <p class='ocr_par' dir='ltr' id='par_1_8' title="bbox 295 2835 1682 2843">
     <span class='ocr_line' id='line_1_38' title="bbox 295 2835 1682 2843; baseline 0 0"><span class='ocrx_word' id='word_1_328' title='bbox 295 2835 1682 2843; x_wconf 95' lang='lat' dir='ltr'><strong> </strong></span> 
     </span>
    </p>
   </div>
   <div class='ocr_carea' id='block_1_6' title="bbox 271 2862 2338 3313">
    <p class='ocr_par' dir='ltr' id='par_1_9' title="bbox 385 2862 2278 2916">
     <span class='ocr_line' id='line_1_39' title="bbox 385 2862 2278 2916; baseline 0.004 -18"><span class='ocrx_word' id='word_1_329' title='bbox 385 2862 398 2885; x_wconf 85' lang='lat'>¹</span> <span class='ocrx_word' id='word_1_330' title='bbox 426 2865 611 2901; x_wconf 86' lang='lat' dir='ltr'><strong>antedicte</strong></span> <span class='ocrx_word' id='word_1_331' title='bbox 629 2865 846 2909; x_wconf 86' lang='lat' dir='ltr'><strong>cancelled,</strong></span> <span class='ocrx_word' id='word_1_332' title='bbox 870 2865 1055 2904; x_wconf 85' lang='lat' dir='ltr'><strong>followed</strong></span> <span class='ocrx_word' id='word_1_333' title='bbox 1075 2867 1125 2916; x_wconf 91' lang='lat' dir='ltr'><strong>by</strong></span> <span class='ocrx_word' id='word_1_334' title='bbox 1146 2868 1253 2904; x_wconf 91' lang='lat' dir='ltr'><strong>nulla</strong></span> <span class='ocrx_word' id='word_1_335' title='bbox 1272 2868 1473 2905; x_wconf 86' lang='lat' dir='ltr'><strong>cancelled</strong></span> <span class='ocrx_word' id='word_1_336' title='bbox 1492 2868 1569 2905; x_wconf 86' lang='lat' dir='ltr'><strong>and</strong></span> <span class='ocrx_word' id='word_1_337' title='bbox 1590 2868 1718 2916; x_wconf 80' lang='lat' dir='ltr'><strong>aliqua</strong></span> <span class='ocrx_word' id='word_1_338' title='bbox 1738 2867 1947 2905; x_wconf 85' lang='lat' dir='ltr'><strong>interlined</strong></span> <span class='ocrx_word' id='word_1_339' title='bbox 1968 2868 2046 2905; x_wconf 88' lang='lat' dir='ltr'><strong>and</strong></span> <span class='ocrx_word' id='word_1_340' title='bbox 2064 2867 2278 2906; x_wconf 85' lang='lat' dir='ltr'><strong>cancelled.</strong></span> 
     </span>
    </p>

    <p class='ocr_par' dir='ltr' id='par_1_10' title="bbox 271 2912 2338 3270">
     <span class='ocr_line' id='line_1_40' title="bbox 385 2912 2336 2967; baseline 0.003 -17"><span class='ocrx_word' id='word_1_341' title='bbox 385 2912 402 2935; x_wconf 83' lang='lat'><strong>2</strong></span> <span class='ocrx_word' id='word_1_342' title='bbox 427 2913 523 2950; x_wconf 84' lang='lat' dir='ltr'><strong>Item</strong></span> <span class='ocrx_word' id='word_1_343' title='bbox 542 2917 779 2963; x_wconf 76' lang='lat' dir='ltr'><strong>iniungimus</strong></span> <span class='ocrx_word' id='word_1_344' title='bbox 796 2916 893 2953; x_wconf 85' lang='lat' dir='ltr'><strong>vobis</strong></span> <span class='ocrx_word' id='word_1_345' title='bbox 911 2917 1037 2953; x_wconf 85' lang='lat' dir='ltr'><strong>abbati</strong></span> <span class='ocrx_word' id='word_1_346' title='bbox 1051 2923 1088 2953; x_wconf 91' lang='lat' dir='ltr'><strong>et</strong></span> <span class='ocrx_word' id='word_1_347' title='bbox 1104 2918 1258 2955; x_wconf 83' lang='lat' dir='ltr'><strong>cuilibet</strong></span> <span class='ocrx_word' id='word_1_348' title='bbox 1273 2923 1395 2955; x_wconf 85' lang='lat' dir='ltr'><strong>vestro</strong></span> <span class='ocrx_word' id='word_1_349' title='bbox 1413 2920 1618 2956; x_wconf 79' lang='lat' dir='ltr'><strong>successori</strong></span> <span class='ocrx_word' id='word_1_350' title='bbox 1630 2920 1730 2966; x_wconf 85' lang='lat' dir='ltr'><strong>quod</strong></span> <span class='ocrx_word' id='word_1_351' title='bbox 1743 2920 1850 2956; x_wconf 86' lang='lat' dir='ltr'><strong>omni</strong></span> <span class='ocrx_word' id='word_1_352' title='bbox 1865 2931 1963 2955; x_wconf 87' lang='lat' dir='ltr'><strong>anno</strong></span> <span class='ocrx_word' id='word_1_353' title='bbox 1982 2921 2084 2956; x_wconf 88' lang='lat' dir='ltr'><strong>inter</strong></span> <span class='ocrx_word' id='word_1_354' title='bbox 2089 2919 2196 2967; x_wconf 90' lang='lat' dir='ltr'><strong>festa</strong></span> <span class='ocrx_word' id='word_1_355' title='bbox 2213 2920 2336 2957; x_wconf 85' lang='lat' dir='ltr'><strong>sancti</strong></span> 
     </span>
     <span class='ocr_line' id='line_1_41' title="bbox 285 2964 2338 3018; baseline 0.002 -16"><span class='ocrx_word' id='word_1_356' title='bbox 285 2964 490 3002; x_wconf 72' lang='lat' dir='ltr'><strong>llIichaelis</strong></span> <span class='ocrx_word' id='word_1_357' title='bbox 508 2966 730 3014; x_wconf 80' lang='lat' dir='ltr'><strong>archangeli</strong></span> <span class='ocrx_word' id='word_1_358' title='bbox 745 2974 783 3003; x_wconf 78' lang='lat' dir='ltr'><strong>et</strong></span> <span class='ocrx_word' id='word_1_359' title='bbox 799 2970 920 3004; x_wconf 83' lang='lat' dir='ltr'><strong>sancti</strong></span> <span class='ocrx_word' id='word_1_360' title='bbox 935 2967 1112 3006; x_wconf 85' lang='lat' dir='ltr'><strong>Martini</strong></span> <span class='ocrx_word' id='word_1_361' title='bbox 1130 2971 1170 3004; x_wconf 87' lang='lat' dir='ltr'><strong>in</strong></span> <span class='ocrx_word' id='word_1_362' title='bbox 1181 2982 1293 3017; x_wconf 86' lang='lat' dir='ltr'><strong>yeme</strong></span> <span class='ocrx_word' id='word_1_363' title='bbox 1312 2970 1353 3006; x_wconf 84' lang='lat' dir='ltr'><strong>in</strong></span> <span class='ocrx_word' id='word_1_364' title='bbox 1372 2968 1478 3006; x_wconf 86' lang='lat' dir='ltr'><strong>domo</strong></span> <span class='ocrx_word' id='word_1_365' title='bbox 1503 2975 1629 3006; x_wconf 79' lang='lat' dir='ltr'><strong>vestra</strong></span> <span class='ocrx_word' id='word_1_366' title='bbox 1656 2969 1868 3018; x_wconf 80' lang='lat' dir='ltr'><strong>capitulari</strong></span> <span class='ocrx_word' id='word_1_367' title='bbox 1889 2971 1952 3008; x_wconf 87' lang='lat' dir='ltr'><strong>vel</strong></span> <span class='ocrx_word' id='word_1_368' title='bbox 1974 2971 2053 3008; x_wconf 90' lang='lat' dir='ltr'><strong>alio</strong></span> <span class='ocrx_word' id='word_1_369' title='bbox 2077 2971 2152 3007; x_wconf 86' lang='lat' dir='ltr'><strong>loco</strong></span> <span class='ocrx_word' id='word_1_370' title='bbox 2177 2982 2338 3018; x_wconf 79' lang='lat' dir='ltr'><strong>congruo</strong></span> 
     </span>
     <span class='ocr_line' id='line_1_42' title="bbox 285 3015 2337 3071; baseline 0.003 -20"><span class='ocrx_word' id='word_1_371' title='bbox 285 3015 490 3053; x_wconf 81' lang='lat' dir='ltr'><strong>exhibeatis</strong></span> <span class='ocrx_word' id='word_1_372' title='bbox 505 3018 662 3066; x_wconf 85' lang='lat' dir='ltr'><strong>plenum</strong></span> <span class='ocrx_word' id='word_1_373' title='bbox 683 3024 719 3054; x_wconf 90' lang='lat' dir='ltr'><strong>et</strong></span> <span class='ocrx_word' id='word_1_374' title='bbox 728 3019 889 3067; x_wconf 87' lang='lat' dir='ltr'><strong>planum</strong></span> <span class='ocrx_word' id='word_1_375' title='bbox 908 3025 1113 3068; x_wconf 85' lang='lat' dir='ltr'><strong>compotum</strong></span> <span class='ocrx_word' id='word_1_376' title='bbox 1132 3019 1177 3056; x_wconf 88' lang='lat' dir='ltr'><strong>de</strong></span> <span class='ocrx_word' id='word_1_377' title='bbox 1195 3021 1304 3057; x_wconf 86' lang='lat' dir='ltr'><strong>totali</strong></span> <span class='ocrx_word' id='word_1_378' title='bbox 1317 3027 1443 3057; x_wconf 82' lang='lat' dir='ltr'><strong>vestra</strong></span> <span class='ocrx_word' id='word_1_379' title='bbox 1461 3020 1799 3058; x_wconf 75' lang='lat' dir='ltr'><strong>administratione</strong></span> <span class='ocrx_word' id='word_1_380' title='bbox 1818 3022 1857 3057; x_wconf 86' lang='lat' dir='ltr'><strong>in</strong></span> <span class='ocrx_word' id='word_1_381' title='bbox 1875 3022 1979 3059; x_wconf 88' lang='lat' dir='ltr'><strong>bonis</strong></span> <span class='ocrx_word' id='word_1_382' title='bbox 1996 3021 2162 3058; x_wconf 77' lang='lat' dir='ltr'><strong>omnibus</strong></span> <span class='ocrx_word' id='word_1_383' title='bbox 2179 3026 2337 3071; x_wconf 88' lang='lat' dir='ltr'><strong>tempor-</strong></span> 
     </span>
     <span class='ocr_line' id='line_1_43' title="bbox 281 3066 2338 3121; baseline 0.003 -19"><span class='ocrx_word' id='word_1_384' title='bbox 281 3066 402 3103; x_wconf 87' lang='lat' dir='ltr'><strong>alibus</strong></span> <span class='ocrx_word' id='word_1_385' title='bbox 419 3078 455 3102; x_wconf 83' lang='lat' dir='ltr'><strong>et</strong></span> <span class='ocrx_word' id='word_1_386' title='bbox 474 3069 739 3116; x_wconf 78' lang='lat' dir='ltr'><strong>spiritualibus</strong></span> <span class='ocrx_word' id='word_1_387' title='bbox 759 3071 987 3115; x_wconf 79' lang='lat' dir='ltr'><strong>monasteris</strong></span> <span class='ocrx_word' id='word_1_388' title='bbox 1001 3072 1119 3107; x_wconf 85' lang='lat' dir='ltr'><strong>vestri</strong></span> <span class='ocrx_word' id='word_1_389' title='bbox 1134 3075 1171 3107; x_wconf 83' lang='lat' dir='ltr'><strong>et</strong></span> <span class='ocrx_word' id='word_1_390' title='bbox 1187 3072 1281 3108; x_wconf 75' lang='lat' dir='ltr'><strong>altis</strong></span> <span class='ocrx_word' id='word_1_391' title='bbox 1299 3072 1379 3109; x_wconf 87' lang='lat' dir='ltr'><strong>eius</strong></span> <span class='ocrx_word' id='word_1_392' title='bbox 1398 3071 1612 3108; x_wconf 86' lang='lat' dir='ltr'><strong>reuentibus</strong></span> <span class='ocrx_word' id='word_1_393' title='bbox 1632 3078 1705 3120; x_wconf 84' lang='lat' dir='ltr'><strong>per</strong></span> <span class='ocrx_word' id='word_1_394' title='bbox 1721 3084 1785 3108; x_wconf 86' lang='lat' dir='ltr'><strong>vos</strong></span> <span class='ocrx_word' id='word_1_395' title='bbox 1801 3085 1902 3110; x_wconf 88' lang='lat' dir='ltr'><strong>anno</strong></span> <span class='ocrx_word' id='word_1_396' title='bbox 1923 3075 2101 3121; x_wconf 80' lang='lat' dir='ltr'><strong>proxime</strong></span> <span class='ocrx_word' id='word_1_397' title='bbox 2115 3072 2338 3120; x_wconf 77' lang='lat' dir='ltr'><strong>precedente</strong></span> 
     </span>
     <span class='ocr_line' id='line_1_44' title="bbox 271 3117 2336 3173; baseline 0.003 -20"><span class='ocrx_word' id='word_1_398' title='bbox 271 3117 384 3164; x_wconf 86' lang='lat' dir='ltr'><strong>facta</strong></span> <span class='ocrx_word' id='word_1_399' title='bbox 404 3130 528 3154; x_wconf 88' lang='lat' dir='ltr'><strong>coram</strong></span> <span class='ocrx_word' id='word_1_400' title='bbox 547 3124 619 3156; x_wconf 89' lang='lat' dir='ltr'><strong>toto</strong></span> <span class='ocrx_word' id='word_1_401' title='bbox 636 3126 819 3157; x_wconf 86' lang='lat' dir='ltr'><strong>conuentu</strong></span> <span class='ocrx_word' id='word_1_402' title='bbox 837 3123 901 3158; x_wconf 76' lang='lat' dir='ltr'><strong>vel</strong></span> <span class='ocrx_word' id='word_1_403' title='bbox 922 3122 1037 3158; x_wconf 83' lang='lat' dir='ltr'><strong>certis</strong></span> <span class='ocrx_word' id='word_1_404' title='bbox 1058 3125 1234 3170; x_wconf 84' lang='lat' dir='ltr'><strong>personis</strong></span> <span class='ocrx_word' id='word_1_405' title='bbox 1253 3128 1329 3171; x_wconf 85' lang='lat' dir='ltr'><strong>per</strong></span> <span class='ocrx_word' id='word_1_406' title='bbox 1354 3127 1574 3161; x_wconf 82' lang='lat' dir='ltr'><strong>conuentum</strong></span> <span class='ocrx_word' id='word_1_407' title='bbox 1600 3122 1653 3160; x_wconf 90' lang='lat' dir='ltr'><strong>ad</strong></span> <span class='ocrx_word' id='word_1_408' title='bbox 1677 3122 1741 3160; x_wconf 75' lang='lat' dir='ltr'><strong>hoc</strong></span> <span class='ocrx_word' id='word_1_409' title='bbox 1766 3124 1988 3171; x_wconf 75' lang='lat' dir='ltr'><strong>assignatiS,</strong></span> <span class='ocrx_word' id='word_1_410' title='bbox 2014 3129 2050 3160; x_wconf 88' lang='lat' dir='ltr'><strong>et</strong></span> <span class='ocrx_word' id='word_1_411' title='bbox 2076 3122 2139 3160; x_wconf 83' lang='lat' dir='ltr'><strong>hoc</strong></span> <span class='ocrx_word' id='word_1_412' title='bbox 2156 3123 2222 3160; x_wconf 89' lang='lat' dir='ltr'><strong>sub</strong></span> <span class='ocrx_word' id='word_1_413' title='bbox 2233 3130 2336 3173; x_wconf 86' lang='lat' dir='ltr'><strong>pena</strong></span> 
     </span>
     <span class='ocr_line' id='line_1_45' title="bbox 279 3170 2338 3223; baseline 0.004 -20"><span class='ocrx_word' id='word_1_414' title='bbox 279 3170 529 3217; x_wconf 85' lang='lat' dir='ltr'><strong>suspensionis</strong></span> <span class='ocrx_word' id='word_1_415' title='bbox 542 3170 587 3206; x_wconf 91' lang='lat' dir='ltr'><strong>ab</strong></span> <span class='ocrx_word' id='word_1_416' title='bbox 601 3172 937 3208; x_wconf 84' lang='lat' dir='ltr'><strong>administracione</strong></span> <span class='ocrx_word' id='word_1_417' title='bbox 951 3177 1076 3210; x_wconf 80' lang='lat' dir='ltr'><strong>vestra</strong></span> <span class='ocrx_word' id='word_1_418' title='bbox 1089 3172 1320 3219; x_wconf 62' lang='lat' dir='ltr'><strong>huiusmodi}</strong></span> <span class='ocrx_word' id='word_1_419' title='bbox 1340 3186 1455 3222; x_wconf 86' lang='lat' dir='ltr'><strong>quam</strong></span> <span class='ocrx_word' id='word_1_420' title='bbox 1469 3174 1505 3211; x_wconf 89' lang='lat' dir='ltr'><strong>si</strong></span> <span class='ocrx_word' id='word_1_421' title='bbox 1515 3186 1587 3211; x_wconf 89' lang='lat' dir='ltr'><strong>non</strong></span> <span class='ocrx_word' id='word_1_422' title='bbox 1594 3175 1775 3223; x_wconf 83' lang='lat' dir='ltr'><strong>feceritis</strong></span> <span class='ocrx_word' id='word_1_423' title='bbox 1787 3174 1886 3222; x_wconf 81' lang='lat' dir='ltr'><strong>quod</strong></span> <span class='ocrx_word' id='word_1_424' title='bbox 1897 3173 2125 3212; x_wconf 87' lang='lat' dir='ltr'><strong>mandamus</strong></span> <span class='ocrx_word' id='word_1_425' title='bbox 2139 3175 2338 3211; x_wconf 86' lang='lat' dir='ltr'><strong>incurrere</strong></span> 
     </span>
     <span class='ocr_line' id='line_1_46' title="bbox 280 3219 977 3270; baseline 0.01 -16"><span class='ocrx_word' id='word_1_426' title='bbox 280 3231 344 3257; x_wconf 87' lang='lat' dir='ltr'><strong>vos</strong></span> <span class='ocrx_word' id='word_1_427' title='bbox 361 3219 529 3257; x_wconf 85' lang='lat' dir='ltr'><strong>volumus</strong></span> <span class='ocrx_word' id='word_1_428' title='bbox 550 3222 629 3270; x_wconf 88' lang='lat' dir='ltr'><strong>ipso</strong></span> <span class='ocrx_word' id='word_1_429' title='bbox 634 3222 743 3270; x_wconf 87' lang='lat' dir='ltr'><strong>facto</strong></span> <span class='ocrx_word' id='word_1_430' title='bbox 761 3223 977 3261; x_wconf 83' lang='lat' dir='ltr'><strong>cancelled.</strong></span> 
     </span>
    </p>

    <p class='ocr_par' dir='ltr' id='par_1_11' title="bbox 382 3268 1253 3313">
     <span class='ocr_line' id='line_1_47' title="bbox 382 3268 1253 3313; baseline 0.008 -8"><span class='ocrx_word' id='word_1_431' title='bbox 382 3268 398 3293; x_wconf 79' lang='lat'><strong>³</strong></span> <span class='ocrx_word' id='word_1_432' title='bbox 426 3269 649 3308; x_wconf 85' lang='lat' dir='ltr'><strong>Interlined</strong></span> <span class='ocrx_word' id='word_1_433' title='bbox 667 3273 792 3311; x_wconf 88' lang='lat' dir='ltr'><strong>above</strong></span> <span class='ocrx_word' id='word_1_434' title='bbox 810 3274 1019 3312; x_wconf 78' lang='lat' dir='ltr'><strong>concedatis</strong></span> <span class='ocrx_word' id='word_1_435' title='bbox 1036 3274 1253 3313; x_wconf 87' lang='lat' dir='ltr'><strong>cancelled.</strong></span> 
     </span>
    </p>
   </div>
   <div class='ocr_carea' id='block_1_7' title="bbox 381 3319 1147 3410">
    <p class='ocr_par' dir='ltr' id='par_1_12' title="bbox 381 3319 1147 3410">
     <span class='ocr_line' id='line_1_48' title="bbox 381 3319 1147 3365; baseline 0.009 -9"><span class='ocrx_word' id='word_1_436' title='bbox 381 3319 397 3343; x_wconf 77' lang='lat'>⁴</span> <span class='ocrx_word' id='word_1_437' title='bbox 422 3322 486 3359; x_wconf 90' lang='lat' dir='ltr'><strong>sal</strong></span> <span class='ocrx_word' id='word_1_438' title='bbox 500 3321 594 3358; x_wconf 80' lang='lat' dir='ltr'><strong>with</strong></span> <span class='ocrx_word' id='word_1_439' title='bbox 614 3323 780 3361; x_wconf 86' lang='lat' dir='ltr'><strong>another</strong></span> <span class='ocrx_word' id='word_1_440' title='bbox 798 3324 916 3362; x_wconf 74' lang='lat' dir='ltr'><strong>letter</strong></span> <span class='ocrx_word' id='word_1_441' title='bbox 933 3325 1147 3365; x_wconf 89' lang='lat' dir='ltr'><strong>cancelled.</strong></span> 
     </span>
     <span class='ocr_line' id='line_1_49' title="bbox 385 3370 727 3410; baseline 0.006 -2"><span class='ocrx_word' id='word_1_442' title='bbox 385 3370 400 3394; x_wconf 86' lang='lat'>⁵</span> <span class='ocrx_word' id='word_1_443' title='bbox 427 3372 492 3408; x_wconf 90' lang='lat' dir='ltr'><strong>sub</strong></span> <span class='ocrx_word' id='word_1_444' title='bbox 510 3372 727 3410; x_wconf 89' lang='lat' dir='ltr'><strong>cancelled.</strong></span> 
     </span>
    </p>
   </div>
   <div class='ocr_carea' id='block_1_8' title="bbox 280 3421 2338 3735">
    <p class='ocr_par' dir='ltr' id='par_1_13' title="bbox 280 3421 2338 3735">
     <span class='ocr_line' id='line_1_50' title="bbox 311 3421 2338 3481; baseline 0.005 -23"><span class='ocrx_word' id='word_1_445' title='bbox 311 3474 316 3480; x_wconf 86' lang='lat'>.</span> <span class='ocrx_word' id='word_1_446' title='bbox 371 3421 399 3481; x_wconf 41' lang='grc' dir='ltr'><strong>’ὃ</strong></span> <span class='ocrx_word' id='word_1_447' title='bbox 415 3422 522 3481; x_wconf 36' lang='lat' dir='ltr'><strong>‘Item</strong></span> <span class='ocrx_word' id='word_1_448' title='bbox 542 3424 772 3471; x_wconf 81' lang='lat' dir='ltr'><strong>iniungimus</strong></span> <span class='ocrx_word' id='word_1_449' title='bbox 791 3426 889 3462; x_wconf 85' lang='lat' dir='ltr'><strong>vobis</strong></span> <span class='ocrx_word' id='word_1_450' title='bbox 908 3427 1095 3465; x_wconf 86' lang='lat' dir='ltr'><strong>vniuersis</strong></span> <span class='ocrx_word' id='word_1_451' title='bbox 1112 3435 1149 3466; x_wconf 93' lang='lat' dir='ltr'><strong>et</strong></span> <span class='ocrx_word' id='word_1_452' title='bbox 1164 3430 1325 3477; x_wconf 80' lang='lat' dir='ltr'><strong>singulis</strong></span> <span class='ocrx_word' id='word_1_453' title='bbox 1345 3429 1579 3479; x_wconf 85' lang='lat' dir='ltr'><strong>presentibus</strong></span> <span class='ocrx_word' id='word_1_454' title='bbox 1596 3435 1634 3466; x_wconf 88' lang='lat' dir='ltr'><strong>et</strong></span> <span class='ocrx_word' id='word_1_455' title='bbox 1647 3429 1806 3478; x_wconf 83' lang='lat' dir='ltr'><strong>suturis</strong></span> <span class='ocrx_word' id='word_1_456' title='bbox 1822 3430 1889 3468; x_wconf 86' lang='lat' dir='ltr'><strong>sub</strong></span> <span class='ocrx_word' id='word_1_457' title='bbox 1908 3437 2011 3481; x_wconf 87' lang='lat' dir='ltr'><strong>pena</strong></span> <span class='ocrx_word' id='word_1_458' title='bbox 2038 3431 2338 3470; x_wconf 80' lang='lat' dir='ltr'><strong>excommunica·</strong></span> 
     </span>
     <span class='ocr_line' id='line_1_51' title="bbox 280 3473 2337 3532; baseline 0.004 -21"><span class='ocrx_word' id='word_1_459' title='bbox 280 3485 395 3511; x_wconf 78' lang='lat' dir='ltr'><strong>czoms</strong></span> <span class='ocrx_word' id='word_1_460' title='bbox 413 3473 660 3523; x_wconf 82' lang='lat' dir='ltr'><strong>infrascripte</strong></span> <span class='ocrx_word' id='word_1_461' title='bbox 681 3476 913 3522; x_wconf 84' lang='lat' dir='ltr'><strong>[interlined</strong></span> <span class='ocrx_word' id='word_1_462' title='bbox 933 3478 1059 3515; x_wconf 87' lang='lat' dir='ltr'><strong>above</strong></span> <span class='ocrx_word' id='word_1_463' title='bbox 1077 3481 1262 3519; x_wconf 73' lang='lat' dir='ltr'><strong>ante-dicte</strong></span> <span class='ocrx_word' id='word_1_464' title='bbox 1281 3480 1500 3527; x_wconf 81' lang='lat' dir='ltr'><strong>cancelled]</strong></span> <span class='ocrx_word' id='word_1_465' title='bbox 1529 3480 1628 3529; x_wconf 86' lang='lat' dir='ltr'><strong>quod</strong></span> <span class='ocrx_word' id='word_1_466' title='bbox 1644 3493 1715 3518; x_wconf 88' lang='lat' dir='ltr'><strong>non</strong></span> <span class='ocrx_word' id='word_1_467' title='bbox 1734 3484 1889 3519; x_wconf 85' lang='lat' dir='ltr'><strong>teneatis</strong></span> <span class='ocrx_word' id='word_1_468' title='bbox 1906 3488 1974 3519; x_wconf 88' lang='lat' dir='ltr'><strong>aut</strong></span> <span class='ocrx_word' id='word_1_469' title='bbox 1993 3484 2161 3532; x_wconf 89' lang='lat' dir='ltr'><strong>pascatis</strong></span> <span class='ocrx_word' id='word_1_470' title='bbox 2175 3484 2337 3532; x_wconf 87' lang='lat' dir='ltr'><strong>sumpti—</strong></span> 
     </span>
     <span class='ocr_line' id='line_1_52' title="bbox 282 3524 2336 3583; baseline 0.005 -23"><span class='ocrx_word' id='word_1_471' title='bbox 282 3524 348 3560; x_wconf 89' lang='lat' dir='ltr'><strong>bus</strong></span> <span class='ocrx_word' id='word_1_472' title='bbox 384 3526 610 3581; x_wconf 72' lang='lat' dir='ltr'><strong>monasterij</strong></span> <span class='ocrx_word' id='word_1_473' title='bbox 632 3527 776 3574; x_wconf 82' lang='lat' dir='ltr'><strong>aliquos</strong></span> <span class='ocrx_word' id='word_1_474' title='bbox 802 3540 908 3564; x_wconf 87' lang='lat' dir='ltr'><strong>canes</strong></span> <span class='ocrx_word' id='word_1_475' title='bbox 935 3531 1120 3567; x_wconf 85' lang='lat' dir='ltr'><strong>venaticos</strong></span> <span class='ocrx_word' id='word_1_476' title='bbox 1148 3544 1212 3568; x_wconf 89' lang='lat' dir='ltr'><strong>seu</strong></span> <span class='ocrx_word' id='word_1_477' title='bbox 1246 3545 1357 3581; x_wconf 86' lang='lat' dir='ltr'><strong>equos</strong></span> <span class='ocrx_word' id='word_1_478' title='bbox 1389 3538 1457 3569; x_wconf 85' lang='lat' dir='ltr'><strong>aut</strong></span> <span class='ocrx_word' id='word_1_479' title='bbox 1486 3533 1676 3569; x_wconf 86' lang='lat' dir='ltr'><strong>animalia</strong></span> <span class='ocrx_word' id='word_1_480' title='bbox 1708 3535 1838 3571; x_wconf 88' lang='lat' dir='ltr'><strong>aliena</strong></span> <span class='ocrx_word' id='word_1_481' title='bbox 1870 3534 1980 3582; x_wconf 88' lang='lat' dir='ltr'><strong>infra</strong></span> <span class='ocrx_word' id='word_1_482' title='bbox 1999 3533 2061 3571; x_wconf 89' lang='lat' dir='ltr'><strong>vel</strong></span> <span class='ocrx_word' id='word_1_483' title='bbox 2093 3542 2204 3571; x_wconf 83' lang='lat' dir='ltr'><strong>extra</strong></span> <span class='ocrx_word' id='word_1_484' title='bbox 2230 3540 2336 3583; x_wconf 82' lang='lat' dir='ltr'><strong>septa</strong></span> 
     </span>
     <span class='ocr_line' id='line_1_53' title="bbox 283 3577 2338 3635; baseline 0.005 -24"><span class='ocrx_word' id='word_1_485' title='bbox 283 3577 501 3632; x_wconf 66' lang='lat' dir='ltr'><strong>monasteri]</strong></span> <span class='ocrx_word' id='word_1_486' title='bbox 518 3577 709 3614; x_wconf 81' lang='lat' dir='ltr'><strong>antedicti.</strong></span> <span class='ocrx_word' id='word_1_487' title='bbox 764 3578 862 3614; x_wconf 74' lang='lat' dir='ltr'><strong>Item</strong></span> <span class='ocrx_word' id='word_1_488' title='bbox 884 3580 1116 3628; x_wconf 79' lang='lat' dir='ltr'><strong>iniungimus</strong></span> <span class='ocrx_word' id='word_1_489' title='bbox 1134 3582 1235 3619; x_wconf 85' lang='lat' dir='ltr'><strong>vobis</strong></span> <span class='ocrx_word' id='word_1_490' title='bbox 1253 3583 1378 3620; x_wconf 88' lang='lat' dir='ltr'><strong>abbati</strong></span> <span class='ocrx_word' id='word_1_491' title='bbox 1393 3588 1429 3620; x_wconf 90' lang='lat' dir='ltr'><strong>et</strong></span> <span class='ocrx_word' id='word_1_492' title='bbox 1445 3584 1596 3620; x_wconf 76' lang='lat' dir='ltr'><strong>cuilibet</strong></span> <span class='ocrx_word' id='word_1_493' title='bbox 1612 3589 1734 3621; x_wconf 82' lang='lat' dir='ltr'><strong>vestro</strong></span> <span class='ocrx_word' id='word_1_494' title='bbox 1759 3588 1964 3622; x_wconf 86' lang='lat' dir='ltr'><strong>successori</strong></span> <span class='ocrx_word' id='word_1_495' title='bbox 1989 3585 2054 3622; x_wconf 91' lang='lat' dir='ltr'><strong>sub</strong></span> <span class='ocrx_word' id='word_1_496' title='bbox 2075 3587 2185 3635; x_wconf 81' lang='lat' dir='ltr'><strong>penis</strong></span> <span class='ocrx_word' id='word_1_497' title='bbox 2201 3593 2338 3630; x_wconf 76' lang='lat' dir='ltr'><strong>supra·</strong></span> 
     </span>
     <span class='ocr_line' id='line_1_54' title="bbox 282 3625 2335 3685; baseline 0.005 -24"><span class='ocrx_word' id='word_1_498' title='bbox 282 3625 388 3663; x_wconf 75' lang='lat' dir='ltr'><strong>dictis</strong></span> <span class='ocrx_word' id='word_1_499' title='bbox 406 3631 446 3662; x_wconf 85' lang='lat' dir='ltr'><strong>vt</strong></span> <span class='ocrx_word' id='word_1_500' title='bbox 462 3627 669 3674; x_wconf 82' lang='lat' dir='ltr'><strong>diligenter</strong></span> <span class='ocrx_word' id='word_1_501' title='bbox 686 3633 723 3664; x_wconf 91' lang='lat' dir='ltr'><strong>et</strong></span> <span class='ocrx_word' id='word_1_502' title='bbox 736 3629 913 3675; x_wconf 83' lang='lat' dir='ltr'><strong>fideliter</strong></span> <span class='ocrx_word' id='word_1_503' title='bbox 930 3631 1065 3679; x_wconf 84' lang='lat' dir='ltr'><strong>absque</strong></span> <span class='ocrx_word' id='word_1_504' title='bbox 1083 3636 1188 3670; x_wconf 88' lang='lat' dir='ltr'><strong>omni</strong></span> <span class='ocrx_word' id='word_1_505' title='bbox 1209 3635 1375 3683; x_wconf 77' lang='lat' dir='ltr'><strong>pigricia</strong></span> <span class='ocrx_word' id='word_1_506' title='bbox 1392 3634 1671 3683; x_wconf 85' lang='lat' dir='ltr'><strong>superuideatis</strong></span> <span class='ocrx_word' id='word_1_507' title='bbox 1688 3641 1725 3671; x_wconf 87' lang='lat' dir='ltr'><strong>et</strong></span> <span class='ocrx_word' id='word_1_508' title='bbox 1740 3636 2065 3685; x_wconf 82' lang='lat' dir='ltr'><strong>superintendatis</strong></span> <span class='ocrx_word' id='word_1_509' title='bbox 2082 3635 2181 3685; x_wconf 86' lang='lat' dir='ltr'><strong>quod</strong></span> <span class='ocrx_word' id='word_1_510' title='bbox 2203 3636 2335 3674; x_wconf 90' lang='lat' dir='ltr'><strong>domus</strong></span> 
     </span>
     <span class='ocr_line' id='line_1_55' title="bbox 281 3676 2336 3735; baseline 0.006 -23"><span class='ocrx_word' id='word_1_511' title='bbox 281 3682 318 3712; x_wconf 86' lang='lat' dir='ltr'><strong>et</strong></span> <span class='ocrx_word' id='word_1_512' title='bbox 335 3676 490 3724; x_wconf 83' lang='lat' dir='ltr'><strong>edificia</strong></span> <span class='ocrx_word' id='word_1_513' title='bbox 508 3679 736 3723; x_wconf 77' lang='lat' dir='ltr'><strong>monasteris</strong></span> <span class='ocrx_word' id='word_1_514' title='bbox 748 3681 866 3716; x_wconf 89' lang='lat' dir='ltr'><strong>vestri</strong></span> <span class='ocrx_word' id='word_1_515' title='bbox 879 3685 957 3716; x_wconf 79' lang='lat' dir='ltr'><strong>tam</strong></span> <span class='ocrx_word' id='word_1_516' title='bbox 976 3684 1140 3720; x_wconf 85' lang='lat' dir='ltr'><strong>interius</strong></span> <span class='ocrx_word' id='word_1_517' title='bbox 1157 3697 1270 3732; x_wconf 88' lang='lat' dir='ltr'><strong>quam</strong></span> <span class='ocrx_word' id='word_1_518' title='bbox 1293 3683 1427 3735; x_wconf 82' lang='lat' dir='ltr'><strong>[extra</strong></span> <span class='ocrx_word' id='word_1_519' title='bbox 1445 3685 1667 3732; x_wconf 88' lang='lat' dir='ltr'><strong>cancelled]</strong></span> <span class='ocrx_word' id='word_1_520' title='bbox 1694 3688 1862 3724; x_wconf 80' lang='lat' dir='ltr'><strong>exterius</strong></span> <span class='ocrx_word' id='word_1_521' title='bbox 1881 3690 2000 3724; x_wconf 85' lang='lat' dir='ltr'><strong>eciam</strong></span> <span class='ocrx_word' id='word_1_522' title='bbox 2020 3689 2281 3725; x_wconf 84' lang='lat' dir='ltr'><strong>maneriorum</strong></span> <span class='ocrx_word' id='word_1_523' title='bbox 2298 3692 2336 3724; x_wconf 88' lang='lat' dir='ltr'><strong>et</strong></span> 
     </span>
    </p>
   </div>
   <div class='ocr_carea' id='block_1_9' title="bbox 275 3729 2334 3828">
    <p class='ocr_par' dir='ltr' id='par_1_14' title="bbox 275 3729 2334 3828">
     <span class='ocr_line' id='line_1_56' title="bbox 275 3729 2334 3787; baseline 0.005 -23"><span class='ocrx_word' id='word_1_524' title='bbox 275 3729 532 3776; x_wconf 81' lang='lat' dir='ltr'><strong>grangiarum</strong></span> <span class='ocrx_word' id='word_1_525' title='bbox 551 3734 587 3765; x_wconf 85' lang='lat' dir='ltr'><strong>et</strong></span> <span class='ocrx_word' id='word_1_526' title='bbox 604 3729 680 3766; x_wconf 86' lang='lat' dir='ltr'><strong>alie</strong></span> <span class='ocrx_word' id='word_1_527' title='bbox 702 3729 838 3779; x_wconf 86' lang='lat' dir='ltr'><strong>[eciam</strong></span> <span class='ocrx_word' id='word_1_528' title='bbox 857 3731 1076 3780; x_wconf 88' lang='lat' dir='ltr'><strong>cancelled]</strong></span> <span class='ocrx_word' id='word_1_529' title='bbox 1104 3735 1337 3773; x_wconf 83' lang='lat' dir='ltr'><strong>reddituales</strong></span> <span class='ocrx_word' id='word_1_530' title='bbox 1363 3736 1485 3774; x_wconf 89' lang='lat' dir='ltr'><strong>eidem</strong></span> <span class='ocrx_word' id='word_1_531' title='bbox 1512 3739 1738 3775; x_wconf 86' lang='lat' dir='ltr'><strong>monasterio</strong></span> <span class='ocrx_word' id='word_1_532' title='bbox 1757 3739 2003 3787; x_wconf 83' lang='lat' dir='ltr'><strong>pertinencia</strong></span> <span class='ocrx_word' id='word_1_533' title='bbox 2028 3738 2152 3776; x_wconf 86' lang='lat' dir='ltr'><strong>debite</strong></span> <span class='ocrx_word' id='word_1_534' title='bbox 2177 3744 2214 3776; x_wconf 84' lang='lat' dir='ltr'><strong>et</strong></span> <span class='ocrx_word' id='word_1_535' title='bbox 2238 3751 2334 3776; x_wconf 88' lang='lat' dir='ltr'><strong>com-</strong></span> 
     </span>
     <span class='ocr_line' id='line_1_57' title="bbox 277 3780 1061 3828; baseline 0.008 -13"><span class='ocrx_word' id='word_1_536' title='bbox 277 3783 448 3828; x_wconf 85' lang='lat' dir='ltr'><strong>petenter</strong></span> <span class='ocrx_word' id='word_1_537' title='bbox 465 3786 705 3828; x_wconf 86' lang='lat' dir='ltr'><strong>reparentur.</strong></span> <span class='ocrx_word' id='word_1_538' title='bbox 759 3780 825 3818; x_wconf 89' lang='lat' dir='ltr'><strong>All</strong></span> <span class='ocrx_word' id='word_1_539' title='bbox 843 3781 1061 3822; x_wconf 86' lang='lat' dir='ltr'><strong>cancelled.</strong></span> 
     </span>
    </p>
   </div>
   <div class='ocr_carea' id='block_1_10' title="bbox 386 3828 504 3868">
    <p class='ocr_par' dir='ltr' id='par_1_15' title="bbox 386 3828 504 3868">
     <span class='ocr_line' id='line_1_58' title="bbox 386 3828 504 3868; baseline -0.008 0"><span class='ocrx_word' id='word_1_540' title='bbox 386 3828 401 3854; x_wconf 90' lang='lat'>⁷</span> <span class='ocrx_word' id='word_1_541' title='bbox 428 3831 504 3868; x_wconf 83' lang='lat' dir='ltr'><strong>Sic.</strong></span> 
     </span>
    </p>
   </div>
   <div class='ocr_carea' id='block_1_11' title="bbox 2424 0 2488 2551">
    <p class='ocr_par' dir='ltr' id='par_1_16' title="bbox 2424 0 2488 2551">
     <span class='ocr_line' id='line_1_59' title="bbox 2424 0 2488 2551; baseline 0 0"><span class='ocrx_word' id='word_1_542' title='bbox 2424 0 2488 2551; x_wconf 95' lang='lat' dir='ltr'><strong> </strong></span> 
     </span>
    </p>
   </div>
  </div>
 </body>
</html>
