2488 4296
344 389 456 445 152
796 371 1285 430 ALNWICK'S
1367 372 1934 431 VISITATIONS

470 531 595 576 Item
634 531 840 576 sacrista
875 544 975 575 non
1011 529 1131 575 facit
1155 529 1391 576 clericum
1414 545 1556 576 suum
1593 531 1790 591 pulsare
1812 531 1878 578 ad
1902 532 2051 578 horas
2072 534 2383 594 temporibus

342 593 538 640 debitis.
609 595 719 639 Fiat
741 594 1004 639 iniunccio.
2193 599 2195 602 ’

470 658 597 703 Item
622 657 743 703 dicit
767 657 831 702 de
855 658 996 702 ruina
1018 659 1070 702 vt
1093 671 1255 715 supra,
1281 658 1398 719 quia
1421 658 1543 703 dicit
1566 659 1704 719 quod
1727 661 1865 718 patet
1887 659 1953 704 ad
1977 660 2190 706 oculum.

470 721 642 766 Frater
669 720 912 765 Ricardus
936 719 1305 780 Cressyngham
1329 722 1576 767 ministrat
1600 722 1744 768 billas
1766 725 1817 768 vt
1842 722 1979 768 Ocle.

341 846 372 891 d
471 785 597 829 Item
622 783 744 829 dicit
769 784 832 829 de
855 783 1098 829 iocalibus
1121 784 1467 843 impignoratis
1489 788 1539 831 et
1556 789 1762 845 propter
1780 800 1880 832 non
1899 786 2207 832 solucionem
2226 789 2382 834 mutui

378 847 629 906 eperditis.

467 911 594 956 Item
631 910 753 956 dicit
793 910 856 956 de
895 909 1250 957 diffamacione
1287 911 1466 970 prioris
1503 914 1552 957 et
1590 912 1844 959 Ouertone
1868 927 1982 958 cum
2007 913 2296 959 mulieribus
2329 917 2382 960 vt

338 988 499 1032 supra,
525 975 574 1019 in
611 977 803 1020 tantum
840 974 976 1035 quod
1012 974 1241 1035 Johanna
1279 975 1389 1035 Dey
1423 976 1574 1021 iacuit
1610 976 1660 1020 in
1697 976 1920 1022 botereia
1956 975 2085 1021 infra
2108 977 2381 1035 prioratum

337 1037 557 1098 quodam
580 1041 853 1096 autumpno
878 1038 942 1083 de
966 1041 1128 1084 nocte.

469 1100 625 1162 [Item
651 1116 763 1147 cum
787 1100 948 1162 idern]
981 1101 1224 1147 Ricardus
1248 1104 1297 1147 et
1320 1101 1523 1163 quidam
1552 1103 1717 1148 Etone
1734 1106 1922 1163 presens
1945 1105 1995 1148 et
2019 1103 2193 1149 Castre
2216 1103 2382 1149 absens

337 1166 566 1211 canonici
604 1165 830 1211 dicerent
866 1166 1019 1224 priori
1055 1166 1106 1210 in
1143 1180 1341 1211 camera
1377 1180 1464 1211 sua
1487 1166 1624 1227 quod
1659 1180 1894 1225 magnum
1919 1165 2139 1212 dedecus
2162 1169 2382 1213 accreuit

338 1228 432 1273 sibi
469 1243 559 1287 per
596 1227 894 1290 fami[liam]
936 1226 1177 1290 Johannis
1202 1228 1394 1285 Clerke‚
1420 1230 1682 1288 respondit
1704 1231 1841 1288 prior
1864 1231 1914 1275 et
1938 1229 2064 1274 dixit
2087 1230 2224 1291 quod
2259 1247 2380 1276 nun-

337 1306 486 1352 quam
526 1292 736 1338 haberet
774 1295 876 1338 tres
916 1293 1150 1338 denarios
1189 1292 1308 1354 quin
1347 1293 1455 1352 ipsa
1491 1292 1679 1339 familia
1718 1293 1928 1339 haberet
1970 1309 2122 1339 vnum
2155 1295 2377 1354 ipsorum

337 1355 670 1401 denariorum.

468 1418 697 1480 [Frater]
726 1419 979 1481 Johannes
1006 1420 1171 1466 Etone
1194 1420 1440 1466 ministrat
1464 1419 1609 1465 billas
1633 1434 1746 1466 cum
1772 1420 1941 1466 Oklee.

465 1483 591 1528 Item
638 1483 760 1529 dicit
804 1483 941 1545 quod
997 1483 1213 1544 quedam
1260 1484 1544 1542 Margareta
1602 1484 1811 1530 Masone
1857 1484 2010 1530 habet
2064 1484 2379 1546 frequentem

333 1561 588 1592 accessum
612 1547 677 1592 ad
701 1548 919 1605 priorem
943 1549 993 1593 et
1015 1547 1299 1593 adinuicem
1324 1546 1658 1594 diffamantur.

464 1611 590 1656 Item
616 1611 738 1657 dicit
762 1611 899 1672 quod
922 1611 1092 1658 frater*
1111 1611 1364 1672 Johannes
1402 1611 1657 1657 Ouertone
1680 1610 1986 1657 adulteratur
2009 1626 2122 1657 cum
2149 1611 2379 1658 Matildel

334 1688 486 1720 vxore
510 1675 750 1736 Johannis
775 1674 965 1720 Clerke.

465 1739 591 1784 Item
629 1739 752 1784 dicit
788 1739 924 1799 quod
960 1739 1097 1798 prior
1133 1739 1181 1783 in
1220 1739 1383 1783 missis
1419 1739 1537 1784 suis2
1560 1738 1744 1784 omittit
1779 1738 1933 1784 verba
1969 1738 2381 1785 sacramentalia.³

333 1802 449 1847 Non
485 1803 621 1848 venit
657 1805 834 1864 quater
857 1802 922 1848 ad
947 1801 1271 1863 matu[tinas]
1299 1803 1424 1847 citra
1447 1802 1673 1848 Vltimum
1700 1802 1892 1848 Pascha
1916 1817 2009 1849 nec
2032 1802 2124 1847 fuit
2148 1802 2225 1847 bis
2259 1817 2376 1848 con-

334 1865 494 1910 fessus
517 1866 641 1911 citra
668 1866 872 1921 Pascha,
899 1866 963 1912 de
987 1881 1086 1927 quo
1109 1865 1304 1912 fatetur.
1375 1866 1441 1910 Et
1478 1865 1600 1912 dicit
1636 1866 1772 1927 quod
1805 1869 1966 1912 totum
1990 1865 2208 1912 officium
2241 1866 2379 1928 quod

335 1929 458 1974 dicit
487 1928 562 1990 [in
586 1945 685 1975 vno
708 1928 873 1990 an]no
897 1944 997 1975 non
1023 1929 1295 1991 equipollet
1319 1930 1531 1975 seruicio
1554 1931 1696 1975 vnius
1720 1930 1917 1976 mensis.

464 1993 637 2039 Frater
681 1993 934 2055 Johannes
981 1994 1147 2039 Etone
1193 1992 1315 2039 dicit
1359 1993 1423 2039 de
1469 1993 1606 2038 horis
1650 1994 1905 2039 canonicis
1950 2007 2050 2039 non
2096 1993 2243 2038 dictis
2287 2007 2378 2053 per

331 2057 551 2115 priorem
574 2061 626 2102 vt
650 2071 812 2116 supra,
837 2057 1032 2103 addens
1054 2071 1147 2116 pro
1170 2071 1289 2102 vero
1313 2056 1450 2118 quod
1474 2071 1536 2103 ex
1559 2071 1659 2118 quo
1693 2056 1786 2102 fuit
1809 2058 2080 2103 canonicus
2102 2058 2239 2116 prior
2272 2071 2373 2102 non

332 2119 459 2166 dixit
482 2121 732 2180 integrum
756 2121 1022 2167 seruicium
1045 2121 1188 2166 Vnius
1212 2120 1312 2166 diei
1337 2121 1388 2166 in
1411 2135 1510 2166 vno
1535 2120 1630 2166 die.

461 2185 589 2230 Item
623 2185 746 2230 dicit
779 2184 915 2246 quod
951 2199 1041 2244 per
1077 2187 1286 2230 matrem
1321 2185 1501 2243 prioris
1537 2184 1716 2230 domus
1750 2183 1959 2230 multum
1992 2182 2375 2243 dampnificatur

332 2249 491 2293 eciam
515 2248 579 2293 ad
602 2263 662 2295 cc
686 2263 892 2304 marcas,
919 2251 967 2294 et
990 2262 1080 2308 per
1104 2262 1214 2294 eam
1237 2251 1287 2293 et
1309 2247 1430 2293 alias
1453 2248 1744 2294 inhonestas
1762 2262 2002 2307 personas
2019 2261 2116 2309 que
2133 2247 2198 2292 ad
2215 2247 2376 2307 ipsam

330 2311 645 2374 frequentem
670 2312 858 2357 habent
881 2326 1138 2358 accessum
1163 2311 1341 2357 domus
1364 2311 1572 2356 multum
1597 2310 1883 2357 diffamatur
1907 2314 1956 2357 et
1978 2325 2080 2357 non
2098 2310 2310 2356 habetur
2329 2311 2380 2355 in

331 2377 655 2435 reputacione
679 2390 772 2422 nec
794 2376 862 2421 ad
884 2375 1014 2421 infra
1032 2390 1124 2421 nec
1143 2374 1207 2420 ad
1226 2378 1380 2430 extra,
1401 2390 1515 2420 nam
1533 2390 1622 2434 per
1640 2389 1751 2421 earn
1770 2378 1820 2420 et
1837 2374 2122 2420 huiusmodi
2140 2387 2380 2433 personas

329 2440 557 2485 vtensilia
582 2442 631 2485 et
654 2440 750 2485 alia
775 2439 953 2485 domus
977 2439 1258 2485 necessaria
1281 2438 1586 2498 dissipantur
1609 2441 1659 2484 et
1682 2442 2054 2484 consumuntur.

461 2504 587 2549 Item
612 2504 859 2549 ministrat
881 2503 1025 2549 billas
1048 2506 1101 2548 vt
1124 2516 1287 2561 supra.
1357 2502 1424 2548 Et
1447 2502 1569 2548 dicit
1592 2502 1658 2548 de
1682 2502 1866 2548 debitis
1889 2504 1939 2547 et
1962 2502 2103 2548 ruina
2126 2503 2176 2547 et
2198 2501 2381 2546 mutuis

330 2569 382 2612 vt
406 2582 462 2612 su
501 2582 570 2614 ra.

461 2582 588 2677 Rem
637 2631 884 2676 ministrat
928 2629 1099 2676 billam
1145 2629 1487 2676 continentem
1533 2628 1704 2675 debita
1748 2629 1929 2691 quibus
1972 2629 2110 2689 prior
2153 2628 2380 2675 onerauit

331 2694 536 2740 domum
560 2709 622 2741 ex
644 2709 744 2756 quo
768 2694 943 2740 habuit
966 2695 1192 2753 regimen
1216 2693 1281 2739 de
1303 2693 1353 2753 ly
1376 2693 1699 2754 verneyerde.

463 2758 577 2819 [Fo.
625 2757 713 2819 20]
809 2758 983 2804 Frater
1037 2758 1290 2819 Johannes
1349 2756 1635 2803 Heretorde
1684 2756 1808 2803 dicit
1851 2755 1989 2818 quod
2032 2756 2379 2815 pertinuerunt

330 2821 501 2868 donui4
536 2837 602 2868 xx
637 2823 817 2881 integri
853 2821 1013 2867 lectis⁵
1048 2836 1140 2881 pro
1175 2820 1404 2880 hospicio
1438 2823 1488 2866 et
1521 2821 1619 2866 iam
1643 2835 1744 2867 non
1769 2818 2033 2866 habentur⁶
2055 2818 2156 2865 duo
2179 2818 2376 2864 linthia-

327 2887 474 2942 mina‚
500 2888 616 2948 quia
639 2887 806 2932 omnia
841 2887 1199 2931 consumuntur
1222 2899 1312 2944 per
1335 2885 1554 2944 priorem
1576 2901 1586 2931 ε
1621 2884 1847 2930 similiter
1880 2883 2058 2929 iocalia
2082 2886 2131 2929 et
2154 2881 2378 2942 naperie⁷

331 2949 395 2995 de
420 2964 572 3010 opere
596 2949 884 3011 dyaperede
919 2949 1250 2995 accomodata
1273 2950 1414 2994 erant
1436 2948 1502 2994 ad
1526 2947 1777 3007 sponsalia
1811 2946 2056 3009 Johanne⁸
2077 2946 2191 3006 Tyd
2223 2960 2378 3007 vsque

332 3013 524 3060 Euenle
548 3016 598 3060 et
620 3028 874 3075 nunquam
899 3015 1040 3059 erant
1063 3013 1301 3068 restituta,
1327 3027 1442 3058 nam
1475 3011 1692 3073 quedam
1724 3026 1897 3058 eorum
1919 3013 1971 3057 vt
1993 3009 2214 3056 creditur
2237 3011 2378 3056 erant

429 3126 441 3150 ²
471 3127 685 3164 Interlined
704 3127 830 3165 above
850 3127 979 3164 Elena
999 3126 1214 3164 cancelled.

428 3179 444 3203 2
470 3191 548 3215 non
575 3178 791 3216 cancelled.

427 3229 442 3254 ³
470 3242 536 3267 nec
548 3230 647 3267 dicit
664 3229 776 3267 horas
794 3230 998 3268 canonicas
1018 3229 1232 3267 cancelled.

429 3282 444 3305 ⁴¹
473 3282 563 3319 Sic:
592 3282 650 3319 for
678 3282 824 3319 domui.

429 3333 445 3356 ⁵
473 3334 548 3370 Sic.

429 3384 445 3408 ⁶
471 3397 497 3422 v
514 3383 729 3422 cancelled.

429 3436 444 3463 ⁷
471 3435 633 3474 Altered
649 3437 749 3472 from
769 3436 958 3484 naperia:
987 3447 1081 3472 nam
1100 3435 1312 3473 cancelled.

428 3486 444 3511 8
472 3487 640 3525 Written
658 3487 769 3535 loh’:
798 3486 988 3536 probably
1006 3486 1206 3525 feminine.

429 3577 443 3602 ²
471 3577 571 3615 This
599 3577 634 3615 is
662 3577 901 3627 apparently
926 3583 1014 3626 part
1040 3577 1083 3614 of
1111 3575 1275 3614 Etone’s
1305 3576 1546 3625 deposstion,
1565 3575 1626 3613 for
1654 3574 1722 3613 the
1752 3575 1870 3624 prior,
1891 3586 1933 3611 as
1951 3572 2032 3611 will
2050 3573 2098 3610 be
2117 3583 2211 3609 seen
2240 3571 2280 3609 in
2309 3571 2377 3609 the

325 3629 476 3679 sequel,
493 3628 638 3667 denied
657 3629 725 3666 the
743 3627 880 3666 article
900 3627 1012 3666 when
1032 3628 1062 3665 it
1080 3641 1159 3665 was
1178 3637 1248 3677 put
1267 3638 1309 3665 to
1328 3628 1424 3666 him.
1493 3627 1623 3664 Etone
1655 3638 1782 3664 seems
1809 3635 1850 3663 to
1869 3637 1962 3662 aver
1979 3624 2066 3661 that
2085 3622 2153 3660 the
2172 3622 2280 3672 prior
2297 3622 2375 3660 had

319 3681 468 3730 openly
488 3680 656 3718 avowed
676 3680 755 3718 this
774 3679 927 3717 default
947 3679 986 3716 in
1007 3678 1076 3717 the
1095 3691 1279 3717 convent.
2206 3715 2208 3719 ,

424 3731 441 3755 2
466 3731 553 3769 The
573 3731 762 3781 meaning
781 3730 824 3768 of
841 3730 906 3779 ‘ly
924 3731 1166 3779 verneyerde
1183 3730 1190 3745 '
1210 3730 1242 3767 is
1262 3739 1332 3767 not
1350 3730 1460 3778 quite
1479 3730 1595 3767 clear.
1649 3727 1737 3766 The
1756 3727 1862 3765 word
1882 3739 1973 3776 may
1992 3727 2039 3764 be
2058 3739 2080 3763 a
2100 3725 2375 3777 mis—spelling

321 3783 362 3824 of
381 3782 584 3833 vineyard,
604 3796 646 3823 or
664 3783 695 3822 it
714 3795 804 3836 may
824 3782 871 3819 be
890 3781 957 3821 the
977 3794 1092 3821 name
1112 3782 1155 3821 of
1170 3795 1191 3818 a
1209 3793 1360 3831 grange
1379 3781 1598 3830 belonging
1615 3788 1658 3817 to
1675 3779 1744 3819 the
1763 3788 2002 3831 monastery.
