2488 4296
315 395 427 433 202
768 375 1256 433 ALNWICK'S
1340 374 1903 433 VISITATIONS

444 533 569 578 Item
584 533 700 593 quia
718 532 971 578 detectum
991 533 1136 578 nobis
1153 533 1348 578 existat1
1363 535 1413 579 et
1431 532 1669 579 delatum²
1682 532 1818 593 quod
1837 533 2003 592 plures
2021 532 2086 578 de
2103 533 2356 578 canonicis

316 596 437 641 dicti
474 596 684 654 collegii,
723 596 859 657 quod
895 596 1105 641 dolenter
1141 596 1421 655 referimus,⁸
1452 597 1534 641 vix
1570 596 1723 642 semel
1759 597 1810 641 in
1847 596 2075 656 septima⁴
2101 596 2357 642 celebrant

317 661 491 704 missas
515 674 640 715 suaS‚
666 660 966 718 iniungimus
990 662 1256 718 propterea
1274 660 1416 705 vobis
1434 662 1485 704 vt
1502 660 1585 704 ad⁵
1601 659 1957 705 celebrandum
1980 675 2057 705 vos
2079 659 2357 719 disponatis

315 726 364 768 et
398 722 479 766 sic⁶
500 722 730 781 dispositi
765 724 932 782 sepius
967 723 1245 778 celebretis,
1270 723 1401 768 eum⁷
1423 738 1565 768 orare
1599 726 1640 768 et
1679 722 1845 782 offerre
1877 727 1968 783 pro
2006 723 2225 768 omnibus
2262 722 2359 768 illis

314 786 487 831 debetis
510 800 711 845 quorum
735 786 1010 831 elemosinas
1031 787 1239 845 accipitis
1262 788 1392 831 omni
1414 787 1490 831 die
1511 789 1553 831 et
1576 785 1724 831 nichil
1757 787 1807 831 in
1829 787 2073 847 sacrificiis
2095 786 2251 831 mains
2272 801 2362 831 esse

255 871 258 873 ·
308 852 453 908 potest
477 863 623 908 quam
648 853 813 909 corpus
834 853 875 894 el
898 850 1089 909 sanguis
1111 848 1300 906 Christi,
1326 865 1408 896 nec
1430 849 1530 895 vlla
1554 849 1739 896 oblacio
1762 849 1852 895 hac
1882 851 2044 910 pocior
2078 865 2168 896 esse
2202 852 2360 910 potest,

312 928 417 958 cum
443 927 600 958 omnes
629 913 870 972 precellat.

448 977 574 1021 Item
619 977 920 1035 iniungimus
965 976 1108 1021 vobis
1151 977 1396 1022 Vniuersis
1440 978 1489 1022 et
1534 977 1740 1035 singulis
1784 977 1904 1022 dicte
1951 977 2131 1022 ecclesie
2173 976 2366 1022 vicariis

315 1040 630 1099 presentibus
654 1043 704 1085 et
727 1040 903 1085 futuris
928 1040 1019 1085 sub
1043 1041 1186 1099 penis
1208 1040 1388 1101 quibus
1412 1055 1574 1099 supra,
1599 1043 1650 1085 vt
1673 1041 1789 1085 dum
1823 1044 2081 1099 presentes
2119 1041 2170 1086 in
2206 1039 2364 1086 choro

304 1103 500 1162 fueritis
522 1106 749 1162 ternpore
774 1104 929 1148 diuini
965 1104 1161 1149 seruicii
1198 1105 1261 1148 ab
1299 1105 1433 1149 omni
1471 1103 1771 1162 garrulitate,
1808 1104 2035 1150 irrisione
2071 1107 2121 1150 et
2156 1105 2366 1163 strepitu

314 1168 512 1226 penitus
547 1167 855 1213 abstinentes
891 1167 1149 1212 silencium
1187 1167 1412 1215 debitum
1449 1169 1653 1212 omnino
1689 1167 1910 1221 seruetis,
1936 1170 1985 1213 et
2008 1169 2049 1214 si
2072 1168 2192 1229 quid
2228 1167 2363 1228 loqui

316 1233 560 1301 oporteat,
586 1231 830 1276 submissa
853 1245 977 1276 voce
1002 1234 1051 1276 et
1074 1230 1243 1276 latina⁸
1264 1232 1419 1276 cicius
1443 1233 1721 1290 peragatur,
1741 1231 2059 1277 attendentes
2076 1230 2213 1292 quod
2248 1234 2367 1276 tunc

317 1308 487 1340 coram
512 1295 623 1352 ipso
646 1295 817 1339 astatis
841 1294 904 1340 de
928 1309 1028 1355 quo
1053 1294 1362 1350 dicitu1,⁴In
1396 1309 1520 1353 pace
1555 1294 1715 1340 factus
1751 1298 1826 1340 est
1863 1294 2003 1340 locus
2038 1294 2188 1340 eius'⁹
2197 1312 2206 1351 ;
2242 1298 2292 1340 et
2324 1294 2363 1339 si

316 1359 427 1418 quis
465 1358 515 1402 in
556 1357 652 1403 hoc
693 1358 930 1403 decetero
971 1331 1247 1444 deliquisss'se
1273 1358 1702 1429 deprehendatur,
1743 1361 1900 1418 preter
1935 1366 2088 1417 penas
2127 1358 2366 1419 predictas

316 1424 528 1482 quatuor
553 1421 786 1466 denarios
810 1421 874 1467 de
898 1421 1193 1467 communis⁸
1210 1422 1310 1466 suis
1327 1423 1377 1467 in
1402 1422 1736 1467 communiam
1759 1422 2054 1467 vicariorum
2079 1422 2129 1467 in
2146 1422 2365 1481 proximo

320 1488 431 1529 tunc
453 1483 697 1530 Sabbalo¹⁰
713 1485 967 1545 persoluat
973 1485 1002 1509 ¹¹

452 1549 578 1593 Item
617 1563 730 1594 cum
770 1549 819 1593 in
859 1550 1054 1594 statutis
1098 1548 1338 1608 predictis
1383 1551 1617 1595 caueatur
1661 1563 1896 1608 expresse
1941 1548 2077 1610 quod
2121 1563 2366 1610 pauperes

319 1611 500 1657 infirmi
525 1613 574 1656 in
599 1611 802 1657 domum
828 1612 1173 1658 elemosinarie
1204 1613 1408 1671 recepti,
1434 1613 1474 1657 si
1498 1613 1841 1658 conualuerint
1865 1614 1914 1658 et
1937 1613 2122 1658 victum
2157 1627 2366 1674 querere

319 1676 516 1720 valeant
554 1677 781 1721 manibus
818 1677 930 1731 suiS,
968 1677 1134 1722 statim
1172 1675 1360 1721 debent
1395 1677 1576 1735 expelli
1613 1679 1663 1722 et
1700 1676 1783 1721 alii
1819 1675 1999 1721 infirmi
2037 1691 2209 1722 eorum
2244 1676 2367 1722 locis

321 1739 593 1797 subrogari,
612 1739 698 1785 et¹²
715 1740 860 1784 nobis
879 1739 1166 1786 detectum¹³
1183 1740 1245 1784 sit
1260 1739 1397 1800 quod
1413 1740 1579 1798 plures
1598 1741 1669 1786 sic
1686 1741 1873 1799 recepti
1893 1741 1991 1785 iam
2009 1740 2368 1786 conualuerunt

322 1805 372 1848 et
410 1804 595 1848 victum
635 1806 848 1864 querunt
887 1804 1141 1848 laboribus
1181 1804 1281 1848 suis
1321 1802 1607 1849 tam¹⁴infra
1646 1818 1796 1865 quam
1835 1805 1974 1849 extra
2013 1804 2277 1863 collegium
2316 1806 2368 1848 vt

324 1867 616 1912 mercenarii
651 1867 934 1923 conductiui,
960 1867 1131 1928 sicque
1167 1866 1481 1912 accumulant
1518 1867 1612 1912 sibi
1649 1868 1858 1912 diuicias
1894 1870 2061 1912 contra
2097 1870 2293 1913 mentem
2327 1870 2368 1912 et

322 1930 691 1975 continenceam⁸
711 1934 1011 1987 statutorum,
1037 1931 1339 1988 iniungimus
1362 1931 1510 1988 igitur
1534 1931 1677 1976 vobis
1701 1931 1895 1976 decano
1919 1931 1969 1975 in
1993 1932 2172 1977 virtute
2196 1930 2366 1976 obedi-

323 1994 464 2039 encie
490 1996 538 2039 et
563 1994 655 2039 sub
678 2009 809 2053 pena
827 1997 1110 2054 contemptus
1132 1997 1184 2039 vt
1207 1994 1331 2039 tales
1354 1995 1393 2038 si
1419 1995 1501 2055 qui
1527 1995 1624 2039 sint
1657 1996 1741 2055 qui
1776 1994 1840 2039 de
1863 1993 2230 2040 infirmitatibus
2253 1995 2366 2050 suis,

323 2060 375 2102 vt
412 2057 672 2116 prefertur,
709 2058 1081 2112 conualuerunt,
1118 2059 1344 2117 protinus
1381 2058 1444 2102 ab
1480 2057 1771 2103 exhibicione
1805 2059 1973 2103 domus
2010 2062 2051 2103 et
2090 2059 2190 2118 ipsa
2229 2059 2368 2104 domo

322 2120 620 2166 excluclalzs¹⁵
641 2123 691 2166 et
713 2121 837 2167 alios
860 2123 996 2166 iuxta
1018 2120 1255 2167 effectum
1279 2122 1447 2166 statuti
1471 2136 1619 2181 super
1643 2122 1739 2167 hoc
1762 2122 1876 2167 editi
1899 2123 2169 2180 subrogare
2187 2122 2368 2167 curetis

323 2185 513 2246 absque
537 2199 689 2230 mora.

451 2248 633 2300 (Item16
670 2250 786 2309 quia
828 2251 1083 2294 detectum
1123 2251 1198 2294 est
1239 2249 1384 2294 nobis
1423 2251 1473 2294 et
1512 2248 1732 2294 delatum
1756 2248 1893 2310 quod
1930 2249 2173 2303 muliereS,
2209 2249 2366 2294 eciam

324 2312 588 2358 inhoneste
634 2311 766 2358 fame
807 2315 856 2357 et
895 2312 1023 2358 male
1062 2312 1327 2371 opinionis,
1369 2312 1556 2357 habent
1602 2327 1917 2358 communem
1963 2315 2012 2357 et
2056 2311 2367 2373 frequentem

324 2390 579 2421 accessum
604 2391 716 2421 sero
740 2378 788 2421 et
813 2390 958 2421 mane
983 2375 1048 2421 ad
1073 2376 1250 2421 domos
1273 2376 1588 2437 quorundam
1612 2377 1967 2422 canonicorum
1986 2375 2115 2421 infra
2148 2375 2368 2421 clausum

326 2439 460 2484 dicte
515 2439 741 2496 ecclesie,
799 2454 888 2498 per
948 2439 1086 2501 quod
1144 2439 1357 2498 collegio
1413 2441 1462 2485 et
1516 2440 1744 2498 personis
1799 2439 2024 2485 eiusdem
2079 2438 2370 2484 scandalum

324 2506 589 2561 generatur
611 2503 656 2559 ;¹⁷
675 2505 941 2564 sequentes
963 2504 1112 2562 igitur
1135 2505 1373 2548 statutum
1396 2517 1546 2562 super
1570 2502 1668 2549 hoe
1686 2502 1890 2560 editum,
1910 2503 2211 2562 iniungimus
2229 2502 2371 2547 vobis

326 2567 521 2612 decano
555 2570 604 2612 et
639 2567 894 2612 canonicis
917 2567 1233 2626 presentibus
1270 2569 1319 2612 et
1355 2566 1545 2622 futuris,
1583 2566 1676 2612 sub
1711 2566 1842 2626 pena
1877 2567 2045 2611 statuti
2086 2565 2370 2611 huiusmodi

325 2633 492 2689 preter
548 2645 729 2689 penam
788 2631 1327 2676 excommunicacionis
1381 2630 1680 2690 supradicte,
1737 2633 1789 2675 vt
1844 2630 2079 2676 decetero
2134 2632 2370 2675 statutum

325 2694 799 2830 pssedictutm)iuxta
844 2695 999 2754 ipsius
1053 2694 1265 2740 formam
1325 2696 1374 2740 et
1428 2693 1666 2740 effectum
1722 2693 1975 2740 decetero⁸
2019 2693 2371 2739 inuiolabiliter

327 2772 357 2802 o
398 2772 539 2803 serue
564 2773 619 2803 is.

457 2822 583 2867 Item
618 2823 735 2883 quia
770 2822 916 2867 nobis
950 2821 1204 2867 detectum
1239 2822 1403 2867 extitit
1436 2824 1485 2867 et
1519 2821 1737 2867 delatum
1768 2821 1909 2894 ‘quod
1944 2820 2148 2882 quidam
2171 2820 2370 2866 canoni-

329 2898 501 2930 corum
524 2885 659 2931 dicte
683 2885 896 2972 ecclesie
918 2885 1247 2972 collegiate
1198 2900 1398 2931 mansos
1415 2883 1688 2972 prebendis
1706 2886 1806 2930 suis
1823 2885 2099 2943 assignatos
2117 2884 2372 2971 dimittunt

434 2997 445 3019 ¹
473 2999 565 3035 Sizc
594 2970 652 3035 for
680 2999 828 3035 exissstzt

428 3048 444 3071 2
471 3050 633 3086 Altered
654 3050 752 3086 from
771 3050 950 3086 delatam.

429 3099 444 3123 3
472 3101 688 3138 Interlined
709 3102 833 3138 above
844 3102 968 3150 pudet
986 3114 1052 3137 nos
1069 3102 1193 3138 dicere
1212 3102 1426 3139 cancelled.

429 3150 445 3174 ‘²
472 3153 562 3189 Sic:
591 3153 649 3189 for
675 3153 907 3201 septimana.

429 3202 444 3225 ⁵
470 3205 525 3240 sic
543 3204 758 3241 cancelled.

429 3253 444 3276 ⁶
473 3255 687 3292 Interlined
707 3255 833 3292 above
851 3256 904 3291 sit
922 3255 1136 3292 cancelled.

429 3305 444 3330 7
471 3307 525 3343 ad
538 3308 592 3343 sic
618 3308 812 3344 orandum
842 3306 980 3343 ibidem
1011 3308 1099 3343 sitis
1130 3307 1320 3354 instituti,
1349 3307 1585 3344 attendentes
1616 3307 1659 3342 in
1692 3308 1853 3356 quantis
1879 3311 2007 3356 peccat
2035 3306 2203 3342 sacerdos
2234 3307 2375 3343 habens

327 3358 475 3403 copiam
494 3359 723 3403 celebrandi,
745 3359 783 3394 si
798 3370 876 3394 non
895 3358 1049 3394 celebret
1066 3359 1278 3395 cancelled.
1337 3359 1424 3395 The
1445 3371 1607 3407 passage
1625 3357 1665 3394 in
1684 3358 1750 3395 the
1769 3364 1850 3395 text
1869 3358 1902 3394 is
1919 3358 2047 3394 added
2068 3357 2107 3394 in
2123 3357 2188 3394 the
2207 3358 2371 3406 margin,

326 3415 363 3446 et
392 3409 630 3497 tgffaelfecritdum
663 3416 702 3446 at
735 3409 800 3446 the
834 3409 1063 3457 beginning,
1095 3409 1222 3446 which
1255 3422 1334 3446 was
1367 3410 1447 3447 first
1481 3410 1634 3447 written
1664 3415 1705 3447 to
1734 3409 1866 3447 follow
1885 3410 1939 3446 ad
1961 3410 2014 3446 sic
2031 3410 2238 3452 orandum,
2258 3409 2376 3459 being

327 3473 448 3498 cance
480 3474 501 3498 e
534 3489 544 3498 .

433 3510 449 3533 ⁸
475 3514 552 3549 Sic.

430 3562 445 3586 9
475 3564 535 3600 Ps.
557 3571 689 3605 LXXV,
714 3571 735 3610 3
759 3563 957 3611 (Vulgate)
977 3576 987 3606 ;
1015 3574 1079 3599 see
1101 3563 1160 3599 Ps.
1187 3572 1339 3608 LXXVI,
1361 3573 1383 3600 2
1409 3562 1557 3612 (A.V.).

414 3612 445 3636 ¹⁰
470 3615 616 3651 soluere
632 3614 761 3650 debeat
778 3614 992 3650 cancelled.

413 3664 441 3687 ¹¹
463 3672 539 3714 per
557 3671 816 3714 precentorem
834 3666 1038 3712 exigendos
1053 3670 1091 3701 et
1107 3665 1292 3702 leuandos
1309 3666 1523 3704 cancelled.

415 3715 445 3739 ¹2
471 3723 515 3754 vt
533 3716 745 3754 cancelled.

416 3766 446 3789 ¹³
462 3768 556 3815 fuit
573 3767 785 3805 cancelled.

412 3818 442 3841 ¹⁴
471 3832 589 3869 quam
608 3818 822 3858 cancelled.
