2488 4296
355 354 472 410 144
806 336 1295 394 ALNWICK'S
1378 336 1946 395 VISITATIONS

353 492 467 538 alba
500 493 715 550 indutus,
753 493 836 538 illa
875 495 1038 577 nocte.
1124 493 1328 539 Fatetur
1373 492 1756 555 [exi]steneiam
1795 493 2096 550 huiusmodi,
2137 508 2252 540 cum
2290 494 2399 541 aliis

356 558 539 602 tamen.

483 630 609 675 Item
626 629 746 674 dicit
761 629 896 689 quod
917 629 1053 675 idem
1071 629 1334 690 Gedeneyl
1351 631 1564 677 habetur
1581 633 1841 691 suspectus
1859 645 1972 677 cum
1990 630 2148 676 Alicia
2166 630 2399 695 Layceby

355 695 403 738 et
427 692 653 763 Johanna
677 693 759 738 W
762 693 880 738 tlteh
886 708 979 748 :‚1m
1000 693 1289 738 mulieribus
1313 694 1376 740 de
1399 694 1695 755 Grymesby,
1717 697 1766 740 et
1789 697 1903 739 sunt
1925 708 1984 739 ee
2007 708 2103 753 que
2127 698 2266 740 erant
2285 710 2398 741 cum

355 769 416 800 eo
453 756 503 800 in
537 770 735 801 camera
771 757 1007 811 sacristie,
1047 759 1096 801 et
1136 756 1358 815 disponit
1396 761 1560 803 vestes
1599 758 1852 802 crismales
1890 756 1956 802 ad
1994 771 2135 802 vsum
2174 758 2396 804 vetitum.

356 818 520 876 Negat
543 821 804 878 vtrumque
827 820 1088 864 articulum
1113 820 1178 864 ab
1202 821 1337 865 omni
1361 822 1602 879 tempore.
1674 819 1888 866 Indicta2
1923 821 1999 865 est
2035 820 2130 865 sibi
2164 821 2299 879 quod
2332 821 2399 867 ad

353 883 518 926 statim
543 885 722 940 purget
745 897 798 927 se
822 897 934 927 cum
969 897 1067 928 vno
1100 882 1383 939 confratre3
1419 886 1588 928 tamen
1624 897 1686 929 ex
1724 884 1892 942 gracia
1930 885 2161 942 purgauit
2199 898 2253 929 se
2293 885 2399 930 sola

353 959 533 1000 manu;
571 947 620 990 et
658 947 875 991 monitus
913 949 988 991 est
1025 946 1117 991 sub
1154 960 1284 1005 pena
1320 947 1736 992 incarceracionis
1777 944 1918 1007 [per]
1957 947 2259 1006 quarterium
2281 949 2399 994 anni

353 1007 488 1067 quod
511 1008 759 1054 abstineat
782 1010 845 1053 ab
869 1009 976 1054 istis
1000 1009 1303 1064 mulieribus,
1329 1011 1379 1055 et
1398 1010 1675 1055 iniunctum
1694 1012 1769 1055 est
1786 1010 1957 1055 abbati
1975 1009 2110 1069 quod
2129 1013 2401 1070 exequatur

355 1070 485 1116 hanc
508 1072 878 1117 iniunccionem
901 1073 942 1116 si
968 1072 1245 1132 deliquerit.

481 1145 607 1190 Item
641 1146 797 1190 abbas
822 1146 974 1191 habet
997 1146 1047 1191 in
1071 1146 1300 1191 custodia
1334 1146 1539 1205 propria
1574 1149 1742 1205 preter
1778 1146 2086 1192 voluntatem
2122 1150 2399 1194 conuentus

352 1209 566 1266 sigillum
602 1212 880 1254 conuentus
915 1209 981 1254 ad
1017 1223 1205 1266 causas,
1243 1212 1291 1255 et
1324 1210 1680 1268 impignorauit
1701 1210 1879 1255 iocalia
1905 1210 2084 1256 domus
2108 1213 2158 1256 et
2182 1212 2399 1257 nescitur

352 1271 457 1330 que⁸
480 1272 558 1318 vel
581 1272 794 1331 quibus:
829 1272 952 1317 illud
976 1272 1190 1331 sigillum
1226 1287 1397 1318 secum
1433 1275 1599 1331 portat
1634 1274 1684 1318 in
1720 1273 1886 1319 loculo
1922 1288 2024 1319 suo.
2097 1274 2232 1320 Dicit
2263 1274 2399 1334 quod
2478 1286 2481 1288 ·

350 1336 517 1380 omnia
539 1335 718 1381 iocalia
742 1339 854 1380 sunt
878 1336 928 1380 in
952 1336 1105 1382 domo
1130 1340 1296 1396 preter
1321 1350 1469 1381 Vnam
1500 1351 1730 1393 murram,
1756 1351 1852 1396 que
1875 1340 1950 1383 est
1974 1337 2066 1382 sub
2088 1339 2398 1384 arestacione

351 1398 486 1457 apud
510 1398 808 1459 Grymesby.

275 1472 278 1474 ’
484 1471 599 1532 [Fo.
626 1471 712 1533 70]
785 1472 1010 1532 (Abbas)
1098 1473 1271 1519 Frater
1315 1473 1568 1534 Johannes
1607 1472 1851 1532 Gedeney
1896 1473 2019 1520 dicit
2062 1474 2198 1533 quod
2241 1474 2398 1522 abbas

349 1535 483 1580 solus
519 1536 687 1580 onmia
724 1537 902 1595 recipit
939 1539 988 1581 et
1023 1537 1192 1581 omnia
1226 1536 1466 1595 expendit
1499 1537 1686 1596 absque
1720 1538 2073 1583 communione
2107 1540 2396 1594 conuentus,

349 1599 484 1644 nullo
509 1602 746 1658 compoto
771 1599 984 1655 reddito,
1012 1602 1060 1644 et
1081 1599 1219 1659 quod
1243 1601 1435 1656 domus,
1460 1603 1512 1645 vt
1535 1599 1770 1656 creditur,
1795 1600 2102 1646 indebitatur
2124 1602 2174 1646 in
2197 1601 2248 1646 xl
2270 1601 2319 1647 li.
2343 1605 2394 1648 et

347 1662 571 1722 amplius,

475 1725 697 1784 (Abbas)
768 1726 895 1771 Item
919 1728 1045 1785 petit
1070 1730 1121 1772 vt
1145 1727 1382 1773 decetero
1407 1725 1626 1773 nomine⁴
1645 1727 1916 1772 seminetur
1932 1727 2087 1774 linum
2105 1727 2234 1774 infra
2251 1731 2393 1788 septa

347 1790 650 1835 monasterii.

473 1851 678 1913 (Abbas.
686 1857 701 1912 )
755 1853 819 1898 F1
822 1855 927 1898 ater
950 1853 1203 1914 Johannes
1221 1854 1462 1913 Wrauby
1483 1854 1642 1900 solum
1661 1854 1912 1910 accolitus,
1930 1854 2094 1900 stans
2083 1869 2132 1900 in
2151 1854 2392 1914 religione

347 1930 376 1960 v
400 1917 542 1961 annis
566 1917 835 1976 professus,
861 1931 962 1962 non
987 1920 1153 1976 potest
1171 1918 1390 1964 ordinari
1409 1917 1476 1963 ad
1493 1917 1752 1963 vlteriores
1770 1892 1987 1974 ordirieS‚
2005 1932 2066 1964 eo
2083 1918 2217 1978 quod
2234 1919 2392 1964 abbas

340 1993 441 2024 non
459 1980 563 2025 vult
587 1981 631 2026 ei
656 1981 936 2026 ministrare
961 1995 1149 2040 expens
1153 1997 1206 2027 as
1230 1982 1433 2027 itineris.
1501 1980 1673 2026 Abbas
1698 1981 1820 2027 dicit
1855 1956 1990 2041 quod
2021 1995 2121 2027 non
2146 1985 2220 2027 est
2243 1982 2390 2028 abilis

345 2042 395 2087 in
420 2044 650 2098 sciencia,
677 2047 726 2089 et
750 2045 821 2089 sic
844 2044 1119 2090 iniunctum
1145 2048 1220 2091 est
1242 2045 1413 2090 abbati
1437 2044 1572 2104 quod
1595 2044 1745 2090 faciat
1769 2059 1882 2090 eum
1905 2045 2177 2091 informari.

474 2105 699 2165 (Abbas.)
769 2108 896 2153 Item
920 2107 1042 2154 dicit
1066 2108 1130 2154 de
1153 2109 1415 2168 tepiditate
1450 2111 1499 2154 et
1535 2108 1878 2167 necgligencia
1912 2108 2109 2154 abbatis
2142 2111 2193 2154 vt
2226 2123 2389 2168 supra,

343 2172 393 2215 et
439 2170 560 2216 dicit
604 2171 740 2229 quod
785 2174 891 2216 toto
936 2173 1164 2232 tempore
1210 2187 1300 2218 suo
1345 2186 1446 2217 non
1490 2171 1616 2217 vidit
1659 2172 1895 2217 abbatem
1939 2172 1990 2217 in
2035 2172 2254 2232 capitulo
2298 2186 2391 2232 pro

342 2234 655 2292 corrigendis
680 2234 978 2280 excessibus.

471 2297 662 2358 (Abbas
685 2315 694 2344 :
719 2297 956 2357 fatetur.⁵)
1025 2299 1152 2344 Item
1192 2298 1315 2344 dicit
1353 2298 1489 2357 quod
1523 2298 1680 2344 abbas
1705 2312 1805 2343 non
1829 2299 1959 2345 iacet
1982 2299 2033 2343 in
2058 2299 2355 2344 dormitorio
2378 2316 2388 2346 :

341 2361 616 2407 commedit
639 2362 775 2406 omni
800 2361 882 2407 die
905 2362 956 2406 in
979 2377 1177 2408 camera
1201 2377 1289 2407 sua
1312 2377 1425 2407 cum
1449 2361 1767 2417 secularibus,
1787 2365 1837 2408 et
1860 2362 2094 2408 monachi
2113 2363 2161 2407 in
2180 2362 2314 2416 aula;
2340 2365 2390 2409 et

341 2424 476 2483 quod
513 2424 761 2470 seculares
797 2425 848 2470 in
882 2427 990 2471 toto
1024 2428 1203 2484 regunt
1225 2426 1473 2480 abbatem,
1499 2428 1550 2471 et
1573 2424 1727 2471 nichil
1749 2426 1851 2484 agit
1875 2425 1939 2471 de
1963 2426 2172 2472 consilio
2195 2425 2388 2472 confra-

340 2490 471 2532 trum
507 2489 819 2544 suorun1‚sic
852 2489 987 2548 quod
1023 2490 1224 2535 timetur
1261 2488 1325 2534 de
1362 2489 1733 2575 dilapidacione
1769 2490 2013 2535 bonorum
2049 2490 2389 2536 communium

340 2565 431 2610 per
454 2551 736 2597 seculares
724 2567 775 2597 1n
801 2551 1003 2598 defectu
1037 2553 1248 2598 abbatis.
2279 2580 2281 2582 -

469 2614 689 2673 (Abbas:
727 2617 910 2674 negat)
1013 2616 1140 2662 Item
1187 2615 1309 2661 dicit
1353 2615 1488 2675 quod
1535 2615 1714 2661 domus
1758 2617 1976 2675 grauiter
2019 2618 2254 2663 oneratui
2298 2631 2389 2676 per

340 2680 583 2736 cognatos
607 2681 656 2724 et
679 2678 802 2724 alios
827 2680 891 2725 de
914 2679 1171 2739 parentela
1204 2679 1414 2737 abbatis,
1440 2681 1533 2725 etc.
1621 2680 1807 2726 Iurauit
1843 2680 1978 2739 quod
2015 2679 2252 2726 decetero
2285 2695 2387 2726 non

339 2740 502 2787 faciat.

467 2805 655 2863 (Abbas
678 2822 687 2852 :
724 2807 907 2865 negat.)
977 2806 1104 2852 Item
1129 2806 1252 2853 dicit
1274 2805 1410 2866 quod
1432 2806 1590 2852 abbas
1613 2807 1663 2852 in
1687 2806 1891 2866 publico
1925 2805 2204 2852 diffamauit
2237 2808 2385 2853 istum

339 2867 677 2927 deponentem
716 2869 852 2928 apud
891 2872 1090 2916 exteros
1130 2885 1222 2929 pro
1260 2884 1360 2915 vno
1400 2869 1603 2916 defectu
1647 2884 1741 2930 pro
1783 2884 1882 2929 quo
1922 2873 2175 2916 correctus
2207 2870 2301 2917 fuit
2334 2871 2384 2916 in

337 2932 568 2990 capitulo.
661 2933 826 2991 Negat
870 2934 1130 2979 articulum
1155 2951 1164 2980 :
1209 2936 1378 2979 tamen
1422 2934 1537 2994 quia
1582 2948 1682 2980 non
1727 2935 1890 2992 potuit
1928 2946 2142 2993 purgare
2181 2949 2234 2980 se
2270 2949 2384 2980 curn

437 3043 450 3067 ¹
481 3046 654 3094 disponit
669 3046 883 3083 cancelled.

437 3096 454 3120 2
481 3095 570 3134 Sim
596 3099 783 3144 purgat-to
800 3097 942 3134 should
961 3097 1062 3135 have
1078 3097 1279 3143 followed,
1301 3098 1371 3135 but
1389 3098 1456 3136 the
1476 3097 1741 3136 construction
1761 3110 1839 3136 was
1857 3097 2049 3147 changed.

435 3146 451 3170 ³
481 3148 695 3185 Interlined
714 3148 840 3186 above
858 3150 925 3186 vel
937 3149 1153 3187 cancelled.

435 3197 451 3221 ⁴
478 3197 721 3245 Si1c(no’ie):
750 3199 810 3236 for
829 3212 918 3237 non.
987 3200 1073 3238 The
1103 3212 1209 3238 error
1240 3200 1273 3237 is
1304 3199 1495 3238 obvious:
1525 3201 1592 3238 the
1623 3201 1753 3239 writer
1788 3202 1915 3249 began
1945 3206 1986 3238 to
2017 3199 2128 3238 write
2157 3202 2385 3238 nominetur

335 3249 488 3323 inste?d
507 3250 644 3338 ofarzon
661 3252 880 3339 εεηιῆηὲίαν
895 3251 973 3288 and
992 3251 1192 3290 corrected
1211 3251 1382 3296 himself,
1400 3251 1471 3289 but
1489 3251 1618 3302 forgot
1635 3258 1677 3290 to
1694 3253 1793 3290 alter
1812 3253 1968 3289 nomine
1985 3251 2070 3289 into
2087 3264 2176 3289 non.

478 3314 554 3350 neg
610 3313 729 3339 cance
762 3314 784 3339 e

435 3390 448 3414 ²
476 3391 597 3430 Their
627 3404 763 3430 names
788 3405 855 3430 are
882 3392 1044 3430 derived
1076 3393 1176 3431 from
1209 3394 1276 3432 the
1305 3394 1471 3442 villages
1498 3393 1543 3431 of
1568 3393 1726 3443 Laceby
1758 3395 1838 3432 and
1868 3393 2084 3440 Waltham,
2118 3393 2214 3432 both
2242 3393 2283 3432 in
2313 3394 2380 3434 the

332 3443 1093 3544 neiggbgllxrrlii-›orgdclcivfthcgsigi{bgrobably
1111 3502 1257 3542 meant,
1281 3495 1410 3534 which
1444 3496 1510 3534 the
1538 3495 1658 3534 abbot
1687 3497 1766 3534 and
1798 3501 1968 3535 convent
1994 3508 2038 3533 as
2068 3501 2215 3534 rectors
2246 3496 2378 3535 would

331 3544 432 3583 have
451 3546 627 3583 received
661 3545 772 3582 from
794 3547 1071 3596 appropriated
1099 3546 1300 3585 churches.
1373 3548 1448 3584 But
1481 3548 1547 3586 the
1579 3547 1707 3585 words
1735 3560 1825 3597 may
1856 3547 1956 3585 refer
1986 3552 2028 3584 to
2058 3547 2124 3585 the
2155 3560 2248 3597 pyx-
2236 3547 2380 3586 -cloths

329 3596 542 3646 belonging
560 3603 601 3634 to
621 3597 686 3634 the
706 3596 874 3634 church:
906 3610 971 3635 see
990 3597 1195 3647 Ducange,
1212 3611 1240 3635 s.
1250 3611 1286 3636 v.
1311 3598 1425 3637 Chris
1429 3599 1522 3644 mal,
1537 3599 1758 3644 chrismale,
1780 3599 1839 3636 for
1857 3598 1934 3636 this
1951 3599 2166 3636 sense.1n
2181 3611 2258 3646 any
2271 3611 2374 3646 case,

328 3648 525 3685 whatever
543 3648 609 3686 the
627 3653 746 3685 vestes
762 3650 959 3685 crrsmales
978 3660 1091 3693 were,
1111 3649 1177 3686 the
1197 3649 1422 3687 infer'ence
1411 3662 1444 3686 ιε
1462 3649 1546 3688 that
1565 3650 1756 3699 Gedeney
1773 3650 1942 3688 allowed
1961 3649 2028 3687 the
2053 3659 2209 3688 women
2235 3656 2277 3688 to
2307 3662 2376 3689 use

329 3698 449 3773 then}
466 3749 553 3793 The
581 3749 837 3793 constitution
866 3750 908 3787 ot
937 3749 1119 3794 Clement
1138 3759 1178 3795 v,
1199 3751 1259 3793 Ne
1291 3752 1335 3788 in
1365 3764 1458 3807 agro
1489 3752 1683 3792 dominico
1715 3751 1854 3803 (Clem.
1880 3761 1948 3803 111,
1969 3754 2030 3793 tit.
2050 3767 2087 3800 x,
2108 3766 2143 3793 c.
2170 3764 2204 3806 ι,
2226 3750 2290 3808 §8
2309 3754 2381 3795 Ad
