2488 4296
299 413 415 451 211
734 391 1232 450 ALNWICK’S·
1306 391 1870 451 VISITATIONS

293 550 415 596 idem
440 551 676 610 Belgraue
699 549 842 597 dedit
861 550 1032 596 abbati
1055 565 1122 596 xx
1143 565 1176 596 s.
1201 552 1253 596 vt
1275 550 1406 596 foret
1427 551 1680 611 particeps
1713 551 2094 598 commodorum
2128 554 2337 599 cantari-

292 630 434 660 arum
457 618 508 660 et
532 615 772 660 obituum.

418 689 643 751 (Abbas.)
691 690 818 735 Item
838 688 960 735 dicit
977 688 1115 750 quod
1132 689 1362 736 solebant
1379 690 1566 736 habere
1583 691 1633 736 in
1652 690 1922 737 infirmaria
1935 706 2087 737 vnum
2101 692 2338 738 valettum

292 755 343 798 et
386 769 537 799 vnum
581 754 869 813 garcionem
910 751 977 797 ad
1021 753 1339 799 seruiendum
1384 754 1639 800 canonicis
1692 754 2057 800 infirmantibus
2105 756 2339 815 expensis

292 816 484 873 domus,
511 820 561 862 et
583 818 682 862 iam
706 831 806 862 non
831 816 1020 862 habent
1042 817 1137 861 nisi
1160 831 1311 862 vnum
1347 832 1569 877 puerum,
1594 818 1646 863 in
1681 820 1873 864 tantum
1909 818 2046 880 quod
2083 819 2338 866 canonicis

291 879 657 926 infirmantibus
680 895 781 926 non
805 879 1099 926 succuriturl
1122 880 1173 925 in
1197 881 1297 927 suis
1320 881 1700 928 necessitatibus
1722 882 1773 927 in
1797 881 1999 928 defectu
2021 882 2230 929 abbatis.

422 954 595 1000 Frater
638 954 861 999 Thomas
904 952 1220 1011 Wakefelde,
1260 955 1479 1011 sacrista,
1521 954 1661 1001 dicit²
1701 955 1924 1002 Roberto
1963 957 2013 1002 et
2050 956 2248 1002 Thoma
2286 959 2338 1002 vt

292 1032 475 1076 supra;
518 1018 583 1064 de
607 1018 810 1063 raritate
834 1017 1189 1063 canonicorum
1214 1019 1265 1063 vt
1288 1033 1448 1078 supra.

417 1090 610 1162 Quibus
647 1090 954 1146 examinatis,
980 1089 1116 1135 idem
1153 1090 1458 1136 reuerendus
1481 1093 1622 1150 pater
1646 1062 1972 1138 continuauit⁸
1993 1092 2337 1139 visitacionem

292 1168 432 1199 suam
469 1155 519 1199 in
556 1157 688 1200 statu
723 1168 823 1215 quo
847 1156 965 1199 tunc
1003 1156 1110 1199 erat
1132 1168 1288 1215 vsque
1310 1154 1361 1200 in
1386 1153 1538 1200 diem⁴
1563 1155 1703 1201 Lune
1725 1157 1845 1201 tunc
1867 1156 2095 1215 proxime
2116 1155 2336 1202 futurum

291 1217 356 1262 de
379 1233 539 1275 mane,
565 1218 881 1277 presentibus
917 1217 1115 1272 abbate,
1141 1217 1348 1264 domino
1371 1218 1598 1279 Johanne
1634 1218 1805 1279 Wylly
1828 1222 1879 1265 et
1900 1219 2009 1265 aliis
2031 1219 2128 1266 loci
2153 1234 2334 1266 canon-

291 1281 382 1326 icis
418 1289 468 1327 et
504 1296 584 1327 me
620 1281 870 1339 Colstone,
897 1280 1142 1327 mandans
1178 1282 1330 1328 michi
1367 1283 1563 1328 notario
1598 1285 1650 1328 vt
1687 1296 1787 1329 non
1824 1284 2134 1329 examinatos
2170 1298 2334 1329 exam-

290 1345 498 1391 inarem.

417 1419 642 1480 (Abbas.)
712 1420 885 1465 Frater
919 1419 1203 1465 Willelmus
1235 1419 1423 1476 Buttre,
1449 1422 1725 1477 succentor,
1751 1420 1873 1467 dicit
1895 1419 2032 1482 quod
2054 1419 2211 1466 abbas
2234 1434 2335 1467 non

289 1482 393 1528 vult
415 1483 682 1529 licenciare
705 1484 975 1530 canonicos
998 1486 1228 1543 petentes
1251 1486 1303 1529 vt
1324 1483 1508 1529 adeant
1530 1499 1716 1530 nouum
1737 1483 2004 1543 collegium
2027 1485 2336 1543 temporibus

289 1546 719 1606 indulgenciarum
742 1562 834 1607 pro
858 1547 980 1606 ipsis
1003 1547 1384 1608 consequendis.

418 1609 645 1670 (Abbas.)
715 1611 842 1656 Item
876 1611 999 1656 dicit
1022 1611 1159 1672 quod
1181 1611 1339 1656 abbas
1362 1611 1570 1656 multum
1594 1613 1851 1657 extraneat
1874 1626 1928 1658 se
1950 1626 1979 1656 a
2002 1611 2336 1657 confratribus

289 1676 339 1719 et
376 1675 583 1719 multum
621 1674 954 1734 dedignanter
989 1678 1031 1720 et
1071 1678 1206 1721 toruo
1245 1675 1379 1720 vultu
1419 1675 1622 1734 respicit
1661 1689 1761 1731 eos,
1799 1675 1959 1721 nolens
1993 1676 2056 1721 eis
2092 1674 2223 1735 loqui
2257 1676 2335 1721 sed

283 1739 539 1797 preterzens
573 1738 912 1799 indignantem
949 1741 999 1784 et
1035 1754 1148 1784 cum
1184 1738 1406 1784 sederint
1441 1753 1611 1785 secum
1646 1739 1697 1784 in
1733 1753 1906 1785 mensa
1927 1741 2154 1811 tempore
2177 1739 2332 1785 minu-

289 1803 503 1859 cionum,
530 1817 630 1848 non
665 1805 741 1848 est
773 1801 988 1848 affabilis
1012 1802 1135 1848 inter
1157 1818 1229 1848 eos
1252 1817 1334 1848 nec
1356 1803 1693 1848 communicat
1728 1817 1841 1848 cum
1865 1803 1936 1848 eis
1958 1803 2010 1848 in
2033 1817 2218 1860 mensa,
2243 1802 2335 1849 sed

289 1868 475 1910 tantum
513 1881 627 1911 cum
663 1867 968 1912 secularibus
991 1867 1086 1911 sibi
1110 1867 1453 1923 seruientibus,
1479 1869 1530 1912 et
1552 1867 1623 1912 sic
1647 1881 1748 1912 non
1771 1869 1951 1912 tractat
1973 1881 2060 1912 eos
2082 1869 2135 1912 vt
2157 1866 2335 1914 fratres

287 1932 372 1975 aut
404 1928 546 1986 filios,
573 1929 663 1976 sed
686 1932 923 1992 tanquam
946 1929 1112 1976 forent
1137 1930 1230 1975 sibi
1255 1930 1412 1990 ignoti
1436 1930 1515 1976 vel
1537 1930 1700 1976 alieni.

416 1992 620 2054 (Abbas.
670 1995 753 2054 7²⁸.)
838 1994 966 2040 Item
1002 1993 1124 2040 dicit
1160 1993 1225 2039 de
1260 1994 1645 2053 multiplicatore
1667 1996 1720 2039 vt
1742 2009 1903 2053 supra,
1930 1996 1980 2040 et
2002 1993 2156 2056 quod⁵
2177 1993 2334 2040 abbas

290 2058 511 2103 exercuit
555 2058 942 2114 incantaciones,
988 2060 1040 2103 vt
1084 2058 1266 2104 dicitur
1290 2057 1319 2114 ;⁶
1373 2061 1423 2103 et
1465 2059 1607 2103 timet
1650 2058 1787 2119 quod
1831 2061 1946 2117 post
1989 2058 2334 2103 visitacionem

290 2121 479 2166 domini
516 2121 672 2167 abbas
708 2124 915 2181 propter
951 2121 1152 2168 detecta
1186 2122 1237 2167 in
1273 2122 1564 2168 visitacione
1600 2122 1962 2181 improperabit
1997 2122 2251 2167 canonicis
2284 2123 2335 2167 et

289 2184 490 2230 duriora
529 2185 600 2231 eis
637 2185 896 2231 exhibebit
931 2185 982 2230 in
1018 2185 1422 2232 correccionibus
1457 2186 1558 2231 suis
1593 2188 1708 2244 post
1742 2185 2100 2243 visitacionem,
2125 2186 2240 2244 quia
2262 2186 2334 2230 sic

287 2251 364 2294 est
386 2249 559 2294 solitus
581 2248 748 2295 facere
771 2251 886 2308 post
908 2249 1029 2294 alias
1051 2249 1368 2295 visitaciones
1390 2249 1770 2295 ordinariorum.

419 2313 591 2358 Frater
613 2313 836 2359 Thomas
862 2313 1102 2359 Prestone
1126 2312 1248 2359 dicit
1271 2312 1336 2358 de
1359 2312 1743 2373 multiplicatore
1765 2315 1817 2358 vt
1840 2327 2003 2372 supra.

415 2375 622 2437 (Abbas.
685 2378 795 2437 13³.)
898 2377 1071 2423 Frater
1114 2377 1338 2422 Thomas
1381 2376 1521 2437 Asty⁷
1565 2375 1701 2438 quod
1757 2391 1871 2422 cum
1924 2376 2081 2422 abbas
2125 2378 2331 2436 propter

287 2440 529 2501 quasdam
564 2441 803 2500 pecunias
838 2455 951 2486 suas
987 2440 1179 2486 ablatas
1217 2441 1579 2500 improperaret
1615 2439 1850 2485 fratribus
1886 2440 1986 2485 suis
2021 2441 2072 2485 in
2111 2439 2330 2499 generali

287 2505 337 2548 in
362 2504 580 2563 capitulo
603 2504 740 2565 quod
777 2519 949 2550 eorum
985 2519 1109 2550 vnus
1148 2519 1232 2550 eas
1268 2504 1491 2558 haberet,
1517 2519 1611 2550 nec
1645 2504 1822 2565 aliquis
1861 2503 1959 2550 hoc
1995 2503 2328 2560 confiteretur,

275 2567 415 2625 facta
439 2568 769 2614 incantacione
785 2572 872 2628 per
893 2583 1000 2613 eum
1024 2569 1234 2627 sumpsit
1256 2583 1407 2614 vnum
1430 2582 1639 2627 puerum
1662 2571 1713 2613 et
1735 2569 1883 2613 vncta
1917 2581 2081 2627 vngue
2118 2567 2331 2627 pollicis⁸

287 2631 446 2690 pueri⁹
468 2631 589 2677 fecit
623 2632 996 2678 incantaciones
1033 2647 1159 2688 suas,
1185 2632 1459 2691 respiciens
1498 2632 1548 2677 in
1587 2644 1764 2691 vngue,
1790 2634 1840 2677 et
1862 2630 2075 2690 postea¹⁰
2096 2632 2232 2677 venit
2264 2630 2330 2676 ad

287 2695 571 2754 capitulum,
597 2699 646 2741 et
669 2696 959 2742 conuocatis
977 2695 1213 2742 fratribus
1230 2696 1604 2755 improperabat
1621 2695 1812 2740 cuidam
1831 2695 1911 2740 isti
1929 2695 2052 2755 Asty
2070 2695 2328 2752 canonico,

286 2758 422 2819 quod
445 2760 552 2818 ipse
576 2761 811 2819 surripuit
834 2760 1071 2819 pecunias
1095 2760 1378 2805 huiusmodi
1403 2762 1452 2805 et
1475 2760 1547 2805 sic
1570 2758 1849 2804 diffamauit
1867 2773 1980 2804 eum
1997 2773 2146 2818 super
2163 2757 2297 2804 furto
2319 2775 2328 2814 ;

285 2825 336 2867 et
371 2837 485 2868 cum
521 2823 571 2868 in
608 2823 924 2869 confessione
947 2824 1040 2869 iste
1063 2823 1186 2884 Asty
1208 2822 1468 2869 affectaret
1491 2822 1733 2869 declarari
1757 2837 1848 2882 pro
1871 2823 2138 2868 innocente
2161 2823 2212 2867 in
2235 2822 2331 2868 hac

285 2901 352 2942 re,
378 2886 533 2932 abbas
558 2886 818 2933 diffidebat
841 2902 967 2943 eum,
994 2887 1169 2933 nolens
1193 2902 1306 2932 eum
1324 2887 1598 2942 absoluere,
1619 2885 1708 2932 sed
1727 2887 1879 2932 iratus
1897 2887 2108 2932 surrexit
2126 2888 2176 2932 et
2192 2885 2327 2942 abiit,

286 2951 335 2995 et
351 2953 534 3037 postea
558 2951 798 2996 reuelauit
822 2951 1191 3038 confessionem
1214 2951 1356 2996 istius
1378 2950 1501 3010 Asty
1537 2950 1587 2995 in
1611 2950 1719 2996 aliis
1741 2949 2051 3007 confessatis,
2076 2948 2169 2995 eo11
2193 2923 2329 3010 quod

390 3063 401 3086 ¹
430 3065 508 3101 Sic.

389 3116 404 3139 ²
428 3116 474 3152 de
492 3115 668 3154 omitted.

388 3166 404 3190 ⁸
430 3167 599 3204 Written
617 3168 839 3205 continuatu
858 3169 935 3205 and
954 3167 1115 3206 altered.

387 3217 403 3240 ⁴
429 3225 522 3255 tunc
540 3219 758 3257 cancelled.

386 3269 401 3292 5
427 3271 610 3307 dominus
634 3270 847 3308 cancelled.

387 3321 403 3344 ⁶
429 3321 515 3359 The
534 3328 718 3360 sentence
736 3321 768 3359 is
782 3321 1015 3360 underlined
1033 3335 1086 3372 up
1105 3328 1144 3360 to
1157 3323 1233 3361 this
1252 3322 1373 3372 point.

386 3372 401 3396 ⁷
429 3372 523 3410 Sic:
543 3374 638 3410 dicit
655 3373 833 3411 omitted.

386 3423 402 3446 ⁸
428 3424 589 3462 Altered
610 3425 708 3462 from
725 3427 870 3474 pollice.

386 3474 402 3498 ⁹
430 3476 592 3513 Altered
611 3476 709 3513 from
723 3477 875 3525 pueris.

371 3525 402 3548 ¹⁰
428 3527 494 3564 All
514 3527 612 3564 from
629 3529 797 3576 sumpsit
815 3527 1046 3566 underlined
1065 3528 1105 3565 in
1126 3528 1215 3566 MS.

371 3577 398 3600 ¹¹
429 3578 641 3616 Interlined
661 3579 787 3617 above
806 3580 887 3617 ideo
904 3580 1118 3617 cancelled.

385 3668 404 3742 ‘²1
428 3669 583 3757 gaggi:
590 3680 788 3779 νῦἓζῑῗίεγ
821 3722 960 3759 above.
1015 3722 1102 3758 The
1122 3721 1221 3758 form
1241 3721 1335 3758 here
1355 3733 1482 3758 seems
1501 3730 1542 3758 to
1562 3722 1639 3758 be·
1657 3719 1821 3769 Wytlyss
1841 3720 1911 3756 but
1930 3731 2020 3768 may
2039 3720 2113 3756 be‘
2134 3717 2319 3768 Wylly’:

284 3770 352 3808 the
375 3771 537 3820 writing
556 3781 595 3808 at
614 3772 693 3809 tnis
713 3772 827 3821 point
846 3773 878 3809 is
900 3786 993 3820 very
1012 3772 1210 3822 cramped.

387 3821 402 3845 ³
431 3822 509 3860 For
537 3822 682 3872 special
711 3823 829 3872 papal
848 3823 1151 3873 indulgencesb
1129 3823 1298 3861 oranted
1326 3830 1366 3860 to
1385 3822 1544 3860 visitors
1563 3829 1605 3859 to
1622 3822 1689 3859 the
1709 3821 1911 3871 hospital
1903 3834 1942 3858 in
1963 3821 2029 3859 the
2057 3820 2253 3858 Newarke
2280 3821 2317 3857 in
