2488 4296
316 434 395 505 64
766 426 1255 487 ALNWICK’S
1337 423 1904 483 VISITATIONS

313 603 404 648 per
427 587 707 644 claustrum,
733 589 782 633 et
804 585 941 648 quod
963 599 1139 631 omnes
1160 584 1443 630 abstineant
1465 582 1530 628 ab
1553 595 1756 642 egressu
1778 583 1830 629 in
1852 583 2032 630 villam.

443 651 687 697 Dominus
725 649 983 709 proposuit
1019 648 1090 693 eis
1128 649 1230 693 tres
1266 647 1371 692 vias
1409 660 1500 705 per
1538 660 1747 707 quarum
1780 661 1929 692 Vnam
1963 647 2143 694 domus
2180 652 2352 708 posset

314 714 488 761 melius
511 714 792 774 prosperari
819 729 828 769 ;
863 711 1097 757 Videlicet
1119 713 1172 756 vt
1193 712 1278 755 aut
1310 707 1466 768 prior¹
1490 709 1650 766 cedat,
1674 710 1755 755 vel
1788 710 1962 768 solum,
1988 711 2193 758 dimissa
2215 714 2351 760 omni

313 778 578 836 diligencia
601 791 700 838 quo
723 775 788 821 ad
812 789 878 831 se,
903 773 1131 819 intendat
1160 774 1211 818 in
1243 772 1370 818 toto²
1401 772 1644 831 religioni,
1669 775 1719 818 et
1753 773 2062 820 conducatur
2093 789 2220 821 Vnus
2253 776 2351 822 dis-

312 844 475 887 cretus
514 840 597 901 qui
637 839 881 898 gubernet
919 837 1249 897 yconomiam,
1291 835 1568 882 dummodo
1607 837 1670 881 sit
1705 836 1929 893 clericus,
1975 841 2060 883 aut
2102 841 2155 884 vt
2198 840 2353 886 omni⁸

311 906 558 963 ponantur
593 903 658 948 ad
694 901 887 946 firmam
923 903 973 946 et
1006 900 1176 945 Viuant
1208 899 1259 943 in
1284 899 1550 945 communi.
1638 899 1704 944 Vt
1740 914 1889 959 super
1927 900 2024 946 hiis
2062 901 2352 950 aduisentur

309 982 464 1028 vsque
499 966 768 1012 crastinum
805 979 954 1025 quam
989 964 1120 1008 viam
1155 962 1310 1008 velint
1345 977 1527 1022 capere
1562 977 1654 1022 pro
1689 963 1883 1009 meliori
1906 965 2148 1023 regimine
2173 965 2352 1013 domus

310 1029 536 1086 sumere,⁴
559 1031 610 1074 vt
633 1029 795 1087 ipsum
820 1027 1090 1072 informent
1125 1025 1189 1072 de
1222 1026 1302 1071 Via
1335 1029 1546 1085 sumpta.
1638 1027 1705 1072 Et
1739 1028 1811 1073 sic
1844 1029 2153 1074 continuauit
2186 1030 2350 1076 visita-

309 1094 506 1139 cionem
550 1106 688 1137 suam
733 1091 964 1136 dominus
1016 1104 1172 1150 Vsque
1217 1089 1352 1135 diem
1407 1090 1678 1135 crastinum
1722 1090 1787 1136 de
1831 1105 1991 1148 mane,
2036 1093 2352 1151 presentibus

310 1156 538 1216 Depyng‚
584 1155 804 1213 Thorpe,
852 1154 963 1212 Bug
1006 1155 1056 1199 et
1100 1167 1181 1198 me
1226 1152 1478 1199 Colstone.
1569 1153 1680 1212 Quo
1728 1154 1943 1200 termino
1987 1169 2157 1201 coram
2214 1155 2352 1203 dicto

307 1218 586 1265 reuerendo
620 1220 762 1277 patre
806 1216 1107 1262 iudicialiter
1140 1215 1349 1262 sedente
1383 1220 1771 1276 comparuerunt
1805 1232 1976 1263 coram
2020 1217 2099 1264 eo⁴
2131 1220 2268 1278 prior
2301 1223 2351 1266 et

306 1297 480 1328 omnes
525 1280 798 1334 monachi;
852 1282 902 1326 et
946 1279 1133 1325 deinde
1178 1279 1412 1324 dominus
1456 1280 1791 1339 suspendidit⁴
1823 1282 2044 1340 priorem
2093 1283 2158 1328 ab
2213 1284 2351 1330 omni

303 1345 744 1392 administracione
766 1343 1117 1402 temporalium
1142 1345 1192 1388 et
1216 1357 1327 1388 eam
1351 1343 1602 1389 commisit
1634 1344 1774 1390 fratri
1805 1344 2041 1390 Ricardo⁵
2063 1345 2347 1404 Watforde‚

305 1423 419 1455 cum
455 1408 554 1454 hoc
589 1407 726 1469 quod
761 1409 980 1452 assumat
1017 1406 1111 1451 sibi
1145 1405 1348 1452 fidelem
1383 1406 1687 1453 confratrem
1721 1409 1806 1470 qui
1830 1408 2058 1454 intendat
2083 1409 2350 1468 diligenter

304 1473 518 1533 coquine
541 1474 591 1517 et
614 1470 829 1526 cellario,
854 1473 906 1515 vt
940 1470 1096 1530 paniS,
1123 1470 1336 1515 ceruisia
1358 1473 1408 1515 et
1430 1473 1599 1516 cetera
1618 1471 1854 1517 victualia
1876 1470 2092 1518 fideliter
2115 1487 2347 1519 conseru-

305 1539 448 1581 entur
484 1538 533 1581 et
569 1534 929 1593 expendantur,
967 1548 1060 1592 pro
1096 1547 1196 1594 quo
1232 1533 1352 1579 velit
1387 1534 1710 1593 respondere.
1801 1535 1869 1580 Et
1913 1535 2098 1582 deinde
2137 1537 2349 1583 iniunxit

304 1599 457 1658 priori
481 1599 531 1643 in
554 1599 735 1643 Virtute
758 1597 1054 1643 obediencie
1078 1600 1127 1642 et
1151 1597 1243 1641 sub
1266 1611 1398 1656 pena
1421 1601 1739 1658 contemptus
1761 1601 1814 1644 vt
1847 1598 2076 1644 intendat
2108 1599 2266 1647 choro
2298 1603 2350 1647 et

303 1661 565 1721 religioni‚⁶
587 1664 636 1708 et
672 1660 808 1722 quod
845 1661 968 1706 citra
1004 1661 1287 1719 proximum
1323 1660 1507 1706 festum
1545 1662 1705 1707 sancti
1744 1661 2026 1708 Michaelis⁷
2060 1663 2228 1725 aliquo
2265 1663 2348 1710 die

303 1727 427 1772 citra
471 1725 535 1771 de
579 1739 679 1786 quo
723 1724 872 1770 fuerit
923 1724 1246 1783 premunituS,
1293 1724 1528 1770 ostendat
1573 1724 1780 1771 domino
1823 1725 2015 1771 clarum
2058 1730 2348 1786 compotum

302 1789 754 1835 administracionis
778 1787 841 1833 de
864 1790 971 1833 toto
994 1790 1223 1846 tempore
1246 1802 1350 1834 suo.
1421 1788 1487 1834 Et
1511 1788 1698 1835 deinde
1722 1789 1954 1835 dominus
1977 1789 2164 1836 obiecit
2193 1791 2348 1850 priori

304 1854 492 1898 crimen
510 1852 737 1911 adulterij
759 1866 872 1896 cum
890 1851 1084 1909 Agnete
1104 1851 1328 1908 Masone,
1348 1866 1502 1898 vxore
1523 1853 1731 1898 Roberti
1752 1853 1962 1898 Masone
1980 1852 2045 1899 de
2065 1854 2345 1911 Dauentre;

305 1915 441 1977 quod
476 1915 680 1977 quidem
715 1915 904 1961 crimen
940 1914 1075 1960 idem
1121 1915 1257 1974 prior
1301 1917 1518 1974 negauit.
1606 1916 1754 1962 Vnde
1799 1916 2032 1963 dominus
2075 1918 2348 1977 assignauit

306 1979 469 2025 eidem
494 1979 646 2038 priori
669 1979 875 2024 terciam
899 1978 1075 2024 horam
1098 1981 1213 2037 post
1236 1979 1499 2026 meridiem
1524 1979 1706 2026 eodem
1728 1980 1842 2026 loco
1865 1980 1931 2026 ad
1954 1981 2270 2040 purgandum
2294 1996 2347 2028 se

306 2057 418 2088 cum
441 2043 487 2102 vj
515 2042 578 2088 de
612 2042 889 2087 senioribus
923 2044 973 2087 et
1006 2041 1424 2101 fidedignioribus
1458 2043 1793 2089 confratribus
1827 2044 1941 2101 suis,
1967 2046 2060 2091 etc.
2150 2045 2261 2103 Quo
2294 2046 2346 2091 in

303 2109 531 2165 tempore
556 2108 604 2152 et
626 2105 739 2151 loco
763 2106 899 2164 prior
923 2107 1201 2164 comparuit
1224 2120 1396 2152 coram
1420 2106 1627 2153 domino
1661 2109 1711 2153 et
1745 2107 1907 2153 nullos
1939 2107 2178 2167 produxit
2211 2122 2345 2154 com·

305 2172 611 2229 purgatoreS,
637 2168 726 2215 sed
750 2169 978 2214 submisit
1008 2184 1062 2215 se
1094 2170 1262 2228 gracie
1296 2170 1487 2216 domini
1522 2174 1572 2217 et
1605 2171 1678 2216 sic
1710 2170 1894 2217 fatetur
1927 2186 1980 2217 se
2014 2171 2262 2219 defecisse
2294 2173 2346 2218 in

305 2233 623 2292 purgacione.
691 2233 757 2277 Et
780 2231 933 2278 nichil
956 2247 1046 2291 per
1078 2247 1183 2278 eum
1216 2234 1477 2293 proposito
1501 2235 1860 2294 pronunciatus
1883 2238 1959 2280 est
1992 2236 2065 2282 sic
2099 2234 2346 2282 defecisse

304 2299 354 2342 et
377 2311 468 2355 pro
492 2296 757 2352 conuicto;
804 2298 854 2341 et
890 2295 1075 2342 deinde
1109 2296 1356 2343 abiurauit
1392 2298 1579 2344 dictam
1618 2298 1878 2344 mulierem
1915 2300 1967 2344 et
2001 2299 2345 2345 omnimodam

273 2406 276 2409 Α
304 2359 689 2405 familiaritatem
713 2374 825 2405 cum
849 2359 1027 2406 eadem
1050 2361 1263 2417 inantea,
1290 2364 1340 2407 et
1362 2362 1649 2420 penitencia
1682 2362 1777 2408 sibi
1800 2376 1860 2408 ea
1883 2363 2150 2408 occasione
2183 2363 2341 2408 iniun-

302 2423 467 2482 genda
490 2424 690 2482 ponitur
713 2423 763 2467 in
788 2437 1030 2481 suspenso
1053 2438 1209 2485 vsque
1233 2425 1448 2471 reditum
1474 2425 1665 2471 domini
1689 2425 1754 2471 ad
1786 2425 1954 2472 locum
1987 2426 2150 2473 istum.
2225 2424 2340 2487 [Fo.

303 2486 442 2547 89d.]
515 2487 580 2532 Et
604 2486 789 2532 deinde
819 2486 955 2532 idem
988 2488 1294 2534 reuerendus
1328 2493 1470 2548 pater
1503 2490 1849 2535 visitacionem
1883 2504 2023 2535 suam
2057 2489 2343 2536 huiusmodi

302 2565 457 2611 Vsque
482 2551 531 2595 in
557 2550 690 2595 diem
712 2553 832 2595 tunc
856 2552 1127 2596 crastinum
1152 2553 1476 2609 continuauit,
1502 2553 1819 2612 presentibus
1854 2553 2085 2614 Depyng‚
2119 2554 2341 2613 Thorpe,

305 2615 414 2672 Bug
442 2616 490 2659 et
524 2628 603 2660 me
637 2613 887 2660 Colstone.
980 2615 1038 2659 In
1071 2630 1171 2676 quo
1205 2617 1433 2672 termino,
1469 2618 1568 2677 xvij
1605 2616 1841 2663 videlicet
1873 2616 1957 2663 die
1991 2616 2113 2662 dicti
2157 2618 2344 2663 mensis

302 2678 413 2739 Julii
437 2678 486 2722 in
511 2677 645 2723 dicta
668 2677 821 2723 domo
846 2678 1106 2737 capitulari
1136 2693 1307 2724 coram
1341 2679 1523 2725 eodem
1557 2680 1837 2726 reuerendo
1871 2683 2013 2739 patre
2045 2680 2345 2727 iudicialiter

304 2740 509 2787 sedente
543 2745 928 2800 comparuerunt
962 2741 1084 2787 dicti
1118 2743 1255 2802 prior
1289 2745 1339 2788 et
1373 2747 1685 2801 conuentus3
1722 2746 1771 2790 et
1806 2743 1991 2790 deinde
2016 2743 2081 2790 de
2103 2744 2345 2790 omnium⁸

307 2805 666 2859 nominacione‚
691 2805 942 2863 peticione
966 2809 1015 2851 et
1046 2820 1293 2852 consensu
1327 2806 1587 2866 deputauit
1618 2807 1824 2854 fratrem
1858 2807 2169 2854 Willelmum
2202 2807 2343 2853 Wat-

305 2866 462 2923 forde,
520 2869 844 2926 suppriorem,
901 2868 1358 2915 administratorem
1413 2871 1637 2916 omnium
1691 2872 1939 2917 bonorum
1993 2870 2343 2930 temporalium

304 2931 549 2990 prioratus
565 2934 725 2976 stante
740 2933 1066 2990 suspensione
1081 2933 1322 2992 predicta,
1340 2936 1389 2979 et
1404 2934 1655 2980 commisit
1670 2935 1835 2981 eidem
1851 2935 2343 2981 administracionem

303 2994 523 3039 omnium
538 2994 782 3039 bonorum
797 2994 1094 3052 huiusmodi,
1111 2997 1321 3055 prestito
1335 2997 1614 3044 iuramento
1633 2998 1696 3044 de
1714 2997 1928 3044 fideliter
1945 2997 2344 3044 administrando

305 3060 354 3103 et
376 3057 728 3115 computando
799 3059 864 3103 Et
889 3059 1086 3115 deinde,
1106 3060 1328 3106 liberatis
1352 3061 1447 3105 sibi
1470 3060 1648 3107 litteris
1666 3061 2032 3107 commissionis
2055 3060 2344 3107 huiusmodi

306 3120 397 3164 sub
421 3120 581 3178 sigillo
606 3120 795 3166 domini
820 3124 869 3167 et
893 3123 1051 3168 eciam
1076 3124 1167 3168 sub
1192 3123 1354 3182 sigillo
1389 3125 1642 3170 communi
1677 3125 1799 3171 dicti
1831 3125 1944 3182 loci,
1981 3124 2046 3170 de
2080 3139 2342 3181 consensu,

303 3186 413 3238 etc.,
439 3183 669 3228 dominus
703 3185 1011 3230 continuauit
1043 3187 1389 3233 visitacionem
1423 3202 1562 3233 suam
1597 3188 1884 3234 huiusmodi
1918 3202 2074 3250 vsque
2107 3187 2174 3234 ad
2208 3188 2343 3234 diem

307 3246 446 3291 Lune
470 3247 750 3305 proximum
774 3251 888 3306 post
911 3249 1093 3295 festum
1117 3252 1275 3296 sancti
1299 3250 1501 3298 Andree
1524 3253 1752 3311 proxime
1775 3252 2009 3309 futurum,
2029 3252 2344 3312 presentibus

308 3309 523 3370 Depyng
547 3313 596 3355 et
623 3324 701 3356 me
726 3310 977 3358 Colstone.

1069 3414 1321 3422 ——.

407 3492 419 3517 ¹
445 3506 521 3532 cess
546 3495 760 3532 cancelled.

402 3543 419 3566 2
446 3546 610 3591 religiosx
629 3546 841 3584 cancelled.

404 3596 420 3618 ³
447 3595 535 3634 Sic:
563 3596 622 3634 for
640 3599 779 3634 omnia.

405 3646 420 3671 ⁴
447 3648 526 3684 Sic.

403 3697 418 3720 ⁵
445 3698 532 3735 Sic:
562 3697 621 3734 for
650 3697 849 3736 Willelmo.

401 3748 416 3772 ⁶
443 3749 605 3787 Altered
625 3749 723 3787 from
743 3751 978 3797 religionem.

404 3801 418 3826 ’ἵ
443 3803 506 3836 vel
520 3801 736 3838 cancelled.

406 3849 422 3873 Β
440 3857 564 3902 petent
583 3851 798 3890 cancelled.
