2476 4412
243 428 326 486 45
697 402 1185 464 ALNWICK'S
1269 399 1834 460 VISITATIONS

242 567 424 612 virtute
448 563 743 611 obediencie
767 565 817 608 et
849 561 942 607 sub
966 575 1097 620 pena
1131 558 1672 606 excommunicacionis
1696 556 1834 618 quod
1857 571 1958 603 non
1982 558 2291 618 improperet

244 629 399 675 verbo
422 630 505 674 aut
527 626 661 672 facto
679 626 824 671 alicui
849 625 913 670 de
930 624 1166 669 fratribus
1190 623 1289 668 suis
1313 622 1579 668 occasione
1603 621 1917 666 detectorum
1934 620 2290 686 inhuiusmodi

246 691 548 737 visitacione.

372 751 570 813 (Prior.)
638 752 764 796 Item
789 750 910 795 dicit
940 749 1077 811 quod
1110 748 1394 808 penitencie
1428 747 1650 792 iniuncte
1681 747 1937 793 canonicis
1971 746 2290 807 diuulgantur

245 817 548 863 secularibus
584 815 633 860 in
670 814 797 870 villa,
836 814 886 858 in
922 815 1115 857 tantum
1151 811 1289 872 quod
1321 811 1416 871 ipsi
1451 810 1700 856 seculares
1734 809 1967 856 derident
1989 811 2127 871 ipsos
2150 812 2287 871 peni-

243 883 418 927 tentes.
489 879 617 924 Petit
640 878 787 936 igitur
810 879 861 922 vt
885 876 1167 935 penitencie
1191 874 1476 919 huiusmodi
1500 876 1692 919 secrete
1714 875 1937 932 agantur.

373 943 568 1003 (Prior.)
638 941 764 986 Item
800 940 893 985 iste
930 939 1189 998 deponens
1235 938 1416 983 direxit
1460 936 1702 998 quasdam
1747 937 1936 983 litteras
1980 936 2288 985 notificando

243 1006 448 1052 domino
471 1019 561 1064 per
584 1018 667 1049 eas
691 1005 872 1048 statum
897 1002 1075 1048 domus
1098 1001 1370 1060 collapsum
1400 1015 1490 1060 per
1513 1000 1866 1046 vendicionem
1890 1000 2126 1061 corrodij,
2151 1016 2287 1048 nern-

242 1083 396 1124 orum,
423 1072 472 1113 et
495 1067 836 1112 dimissionem
860 1065 1183 1111 ecclesiarum
1206 1064 1271 1110 ad
1294 1063 1488 1109 firmam
1512 1066 1562 1109 et
1586 1063 1914 1123 percipiendo
1937 1065 2175 1124 pecunias
2198 1079 2289 1125 pre

242 1132 482 1185 manibuS,
507 1133 559 1175 vt
595 1129 888 1175 reformaret
927 1131 1107 1174 statum
1146 1127 1433 1173 huiusmodi
1464 1144 1473 1183 ;
1524 1130 1574 1173 et
1609 1127 1725 1172 ideo
1763 1127 1917 1173 habet
1952 1128 2089 1187 prior
2123 1128 2288 1188 ipsum

242 1195 360 1241 odio
385 1193 583 1252 capitali
608 1196 656 1238 et
679 1192 800 1238 fecit
821 1192 1130 1237 feudatorios
1154 1191 1332 1236 domus
1355 1205 1536 1236 exosos
1559 1190 1653 1236 sibi
1678 1193 1727 1236 et
1750 1191 2041 1250 parentibus
2063 1192 2114 1236 in
2138 1193 2288 1250 parti-

243 1259 348 1304 bus.
418 1257 700 1302 Iniunctum
724 1258 798 1301 est
834 1255 1105 1300 Euerdone
1128 1257 1179 1299 vt
1203 1253 1408 1300 obediat
1441 1254 1596 1313 priori
1630 1256 1765 1310 nutu,
1791 1254 1946 1300 verbo
1981 1257 2031 1300 et
2063 1254 2212 1311 facto,
2238 1259 2288 1301 et

241 1320 394 1380 priori
417 1319 553 1381 quod
577 1320 627 1363 in
650 1319 1054 1364 correccionibus
1078 1318 1178 1363 suis
1196 1332 1351 1377 penes
1377 1317 1648 1363 Euerdone
1671 1332 1774 1363 non
1797 1317 2022 1375 excedat,
2042 1318 2132 1364 sed
2150 1318 2287 1380 quod

241 1386 405 1430 seruet
428 1397 481 1429 se
504 1382 632 1428 infra
665 1382 885 1428 modum.

367 1446 560 1505 (Prior.)
630 1446 756 1491 Item
796 1445 991 1490 duobus
1027 1444 1170 1490 annis
1206 1445 1457 1503 preteritis
1494 1443 1636 1490 dedit
1668 1445 1872 1503 triginta
1904 1447 2048 1504 togas
2076 1444 2287 1491 diuersis

239 1510 524 1556 hominibus
547 1510 596 1554 in
620 1509 793 1567 patria,
819 1510 871 1553 vt
894 1509 1057 1567 ipsum
1087 1510 1455 1554 manuteneant.

365 1571 561 1633 (Prior.)
630 1573 757 1618 Item
797 1571 919 1617 dicit
957 1571 1095 1632 quod
1133 1572 1270 1631 prior
1309 1571 1456 1616 nimis
1501 1571 1677 1617 crebre
1722 1571 1911 1633 equitat
1949 1571 2284 1628 Couentriam,

241 1636 714 1695 Northamptoniam
738 1638 787 1681 et
809 1635 905 1681 alia
926 1634 1050 1692 loca,
1076 1638 1126 1680 et
1150 1650 1263 1680 cum
1286 1649 1382 1681 nec
1405 1635 1641 1695 expediat
1663 1649 1759 1681 nec
1781 1634 1993 1695 proficit,
2018 1638 2069 1681 et
2099 1635 2198 1682 hoc
2220 1635 2287 1682 ad

239 1713 448 1759 magnos
470 1702 520 1745 et
542 1697 795 1745 excessosl
818 1701 1044 1758 sumptus
1067 1698 1260 1745 domus.

368 1763 561 1822 (Prior.)
631 1763 758 1808 Item
781 1777 893 1807 cum
917 1763 1010 1807 iste
1034 1761 1308 1822 deponens,
1328 1764 1464 1807 stans
1487 1762 1537 1807 in
1562 1761 1728 1808 officio
1751 1762 2010 1822 cellerarij,
2035 1764 2286 1808 mutuatus

239 1826 303 1872 sit
324 1841 354 1872 a
375 1826 664 1886 parentibus
688 1828 738 1871 et
770 1826 943 1871 amicis
976 1826 1077 1871 suis
1109 1825 1176 1871 ad
1209 1825 1472 1872 Vtilitatem
1507 1825 1686 1872 domus
1718 1841 1751 1872 x
1784 1826 1848 1883 li.,
1874 1826 2012 1886 prior
2045 1840 2148 1872 non
2181 1826 2287 1872 vult

238 1890 502 1949 pecuniam
524 1890 659 1935 illam
683 1889 946 1935 resoluere.

372 1952 486 2014 [Fo.
514 1951 652 2013 55d.]
727 1953 899 1998 Frater
931 1952 1215 1999 Willelmus
1251 1952 1550 1999 Blownham
1574 1952 1696 1999 dicit
1721 1953 1785 1999 de
1809 1953 2053 1999 corrodiis
2075 1956 2126 2000 et
2149 1968 2285 2000 nem-

237 2016 407 2063 oribus
430 2017 645 2062 venditis
667 2018 719 2061 vt
742 2031 903 2075 supra.

366 2078 561 2141 (Prior.)
631 2080 757 2125 Item
782 2080 904 2126 dicit
926 2079 1063 2142 quod
1086 2081 1223 2139 prior
1245 2082 1474 2140 tempore
1497 2080 1856 2127 installacionis
1879 2095 1967 2127 sue
1991 2081 2288 2141 expendidit

236 2158 303 2190 xx
325 2158 516 2189 marcas
540 2146 589 2189 et
611 2143 749 2199 vltra,
775 2146 825 2189 et
849 2143 948 2189 hoc
970 2144 1223 2190 inutiliter.

368 2207 539 2253 Frater
575 2206 807 2252 Matheus
843 2206 1144 2264 Maideford,
1171 2208 1389 2265 sacrista,
1416 2207 1538 2254 dicit
1571 2208 1709 2270 quod
1741 2211 1936 2255 constat
1959 2208 2054 2255 sibi
2079 2208 2287 2255 domum

236 2270 576 2316 indebitatam.
1696 2285 1700 2288 ’

365 2334 656 2393 (Supprior.)
726 2334 852 2380 Item
871 2334 994 2380 dicit
1011 2334 1148 2396 quod
1171 2335 1404 2395 supprior
1427 2349 1528 2381 non
1552 2338 1628 2382 est
1651 2335 1897 2382 discretus
1914 2336 1964 2381 in
1983 2335 2284 2396 corrigendo

238 2396 597 2458 delinquenteS,
622 2412 737 2443 nam
773 2412 866 2457 pro
901 2398 1000 2444 leui
1036 2398 1183 2458 culpa
1218 2412 1396 2458 graues
1432 2402 1484 2445 et
1518 2413 1610 2459 pro
1646 2400 1786 2459 graui
1813 2399 1951 2446 leues
1974 2399 2286 2459 penitenciae

236 2460 373 2506 iniun
411 2462 459 2506 it.

365 2474 551 2584 (leota.)
623 2524 796 2570 Frater
817 2523 1069 2585 Johannes
1095 2526 1315 2572 Bartone
1338 2526 1465 2586 petit
1481 2529 1535 2572 vt
1557 2526 1800 2573 habeatur
1821 2541 1947 2573 vnus
1965 2522 2050 2589 qui
2072 2527 2284 2573 instruat

236 2588 505 2634 canonicos
528 2588 579 2632 in
610 2589 946 2646 grammatica.

366 2651 537 2696 Frater
560 2651 782 2697 Thomas
809 2651 1123 2698 Landesdale
1148 2652 1271 2699 dicit
1294 2653 1463 2699 omnia
1485 2653 1632 2700 bona.
1702 2654 1957 2701 Diaconus
1981 2656 2069 2701 est.

365 2714 536 2760 Frater
559 2714 811 2775 Johannes
837 2715 999 2761 Bathe
1023 2715 1146 2762 dicit
1169 2717 1338 2762 omnia
1360 2717 1502 2763 bene.
1574 2718 1828 2764 Diaconus
1852 2721 1940 2764 est.

309 2817 311 2819 .
365 2777 536 2823 Frater
559 2778 810 2838 Johannes
836 2779 1095 2836 Londone,
1122 2780 1383 2836 exorcista,
1409 2780 1680 2840 professus.

366 2841 537 2887 Frater
561 2841 813 2901 Johannes
837 2842 1100 2899 Couentre,
1128 2844 1389 2899 exorcista,
1414 2844 1685 2903 professus.

365 2903 490 2949 Item
534 2905 686 2950 frater
730 2905 953 2951 Thomas
999 2906 1283 2963 Euerdone,
1331 2906 1618 2954 diffamatus
1673 2923 1822 2969 super
1876 2908 2124 2955 adulterio
2169 2922 2283 2955 cum

239 2966 452 3012 Isabella
487 2968 689 3013 Brewes
729 2968 793 3014 de
832 2969 1051 3029 Thorpe,
1093 2970 1274 3016 obtulit
1312 2985 1365 3016 se
1401 2972 1709 3031 purgacioni,
1751 2987 1901 3034 quam
1944 2973 2082 3032 prior
2120 2972 2284 3018 renuit

235 3029 511 3087 admittere,
536 3031 625 3077 sed
648 3034 884 3093 tanquam
909 3034 1208 3090 conuictum,
1233 3048 1349 3079 cum
1385 3049 1486 3080 non
1523 3036 1594 3081 sic
1630 3035 1775 3091 foret,
1814 3036 1948 3081 misit
1984 3035 2050 3082 ad
2086 3050 2281 3082 monas-

234 3093 411 3138 terium
459 3094 741 3154 Leycestrie
786 3095 975 3141 ibidem
1019 3097 1341 3156 puniendum.
1446 3098 1587 3144 Prior
1632 3101 1782 3158 negat
1825 3099 2088 3145 articulum
2133 3101 2284 3159 prout

234 3156 531 3212 articulatur,
559 3173 674 3203 nam
708 3158 832 3203 dixit
860 3174 913 3204 se
937 3174 1037 3205 non
1063 3163 1320 3220 reputasse
1343 3162 1508 3220 ipsum
1531 3176 1680 3221 super
1715 3163 1812 3209 hoc
1836 3177 1990 3220 reum,
2015 3165 2066 3209 et
2089 3163 2283 3209 misisse

235 3219 398 3277 ipsum
420 3220 486 3264 ad
511 3221 846 3280 Leycestriam
871 3226 1077 3281 propter
1101 3239 1213 3269 suas
1237 3225 1631 3272 inobediencias.

363 3283 534 3328 Frater
583 3284 828 3330 Robertus
876 3286 1151 3333 Peressone
1196 3288 1349 3333 habet
1393 3290 1631 3335 continue
1683 3289 1948 3336 Isabellam
2006 3290 2281 3336 Peressone

236 3348 520 3391 manentem
542 3346 671 3392 infra
693 3354 834 3406 septa
857 3350 1117 3407 prioratus,
1187 3351 1351 3397 Mater
1373 3353 1480 3398 eius
1503 3355 1579 3398 est
1601 3355 1651 3399 et
1674 3353 1852 3400 vetula.

337 3455 350 3479 ¹
379 3458 439 3494 Sic
457 3469 465 3492 ε
495 3457 553 3495 for
570 3459 784 3495 excessivos.

334 3525 344 3550 ¹
377 3526 580 3577 Literally,
597 3527 674 3565 nod
695 3540 703 3564 :
732 3529 792 3565 ia.
811 3528 899 3578 sign
920 3529 962 3567 of
978 3532 1258 3580 acquiescence
1276 3543 1317 3571 to
1336 3536 1560 3575 command.

261 3628 268 3636 ·
332 3576 350 3600 ²
375 3576 579 3636 Coventry
605 3579 637 3615 is
665 3580 711 3615 28
740 3589 782 3616 to
811 3588 857 3625 29
886 3581 998 3619 miles
1025 3582 1125 3620 from
1153 3583 1317 3623 canons
1345 3587 1515 3636 Ashby:
1554 3586 1854 3637 Northampton
1880 3587 1914 3625 is
1940 3588 2063 3626 about
2094 3597 2137 3634 13
2167 3587 2282 3627 miles

230 3628 392 3686 distant.
465 3629 615 3678 B1shop
634 3629 741 3678 Gray
759 3629 838 3667 had
858 3631 990 3668 issued
1009 3646 1057 3670 an
1086 3634 1308 3682 injunction
1336 3638 1492 3686 against
1519 3639 1586 3677 the
1614 3648 1908 3689 extravagance
1936 3639 1978 3677 of
2002 3639 2069 3677 the
2094 3639 2283 3689 previous

232 3680 336 3729 prior
354 3692 395 3717 m
414 3679 475 3716 his
498 3680 690 3729 journeys
710 3681 808 3718 from
828 3681 894 3718 the
914 3682 1036 3720 house
1058 3685 1312 3734 (Visitations,
1333 3698 1360 3733 1,
1382 3690 1458 3736 32).

332 3729 347 3754 ³
372 3731 407 3767 A
427 3731 620 3778 marginal
638 3736 722 3768 nota
741 3732 829 3768 benc
847 3732 906 3769 for
924 3735 1071 3782 special
1090 3736 1291 3775 reference
1310 3739 1349 3775 in
1370 3740 1591 3791 compiling
1608 3741 1676 3778 the
1695 3740 1961 3790 injunctions.

331 3779 347 3804 ⁴
374 3780 534 3830 Thorpe
555 3780 810 3829 Mandevilk,
831 3782 918 3820 four
936 3792 978 3821 to
996 3784 1072 3823 five
1091 3786 1203 3825 miles
1223 3788 1331 3827 S.W.
1351 3791 1392 3828 of
1417 3789 1581 3830 canons
1599 3792 1753 3842 Ashby,
1771 3792 1805 3830 is
1823 3791 2020 3843 probably
2038 3799 2186 3833 meant.

330 3831 345 3856 ⁵
371 3831 438 3871 Le.
458 3832 526 3870 the
544 3833 672 3881 abbey
692 3833 735 3870 of
760 3833 818 3873 St.
845 3833 961 3885 Mary
980 3835 1022 3872 of
1047 3837 1114 3875 the
1134 3839 1345 3880 meadOWS.
2207 3852 2210 3854 ’
