2488 4296
267 412 378 463 192
735 392 1224 451 ALNWICK'S
1309 392 1871 452 VISITATIONS

390 554 452 614 (6.
523 554 724 599 Omnes.
797 552 1088 610 Iniunccio.)
1158 552 1284 597 Item
1321 552 1444 598 dicit
1478 552 1615 614 quod
1652 567 1782 612 pena
1813 553 2216 615 delinquencium
2249 557 2299 603 in

262 618 444 663 diuinis
479 617 732 677 obsequiis
769 630 869 661 non
906 616 1112 661 soluitur
1148 616 1198 660 in
1235 615 1466 661 Sabbatis
1501 617 1637 662 iuxta
1672 618 1854 662 statuta
1873 635 1886 675 3
1918 632 2033 663 nam
2072 619 2156 664 vbi
2189 621 2299 681 quis

263 681 428 740 perdit
451 681 584 740 iiijd„
611 680 759 725 soluit
781 678 961 724 solum¹
985 679 1067 738 ijd.

392 745 450 805 (7.
490 744 692 789 Omnes.
732 743 1025 800 Iniunccio.)
1096 743 1221 787 Item
1247 742 1367 788 dicit
1390 742 1526 803 quod
1551 744 1779 789 canonici
1803 746 1852 790 et
1875 745 2044 791 vicarii
2062 749 2302 804 vagantur

262 809 311 853 in
336 809 450 853 naui
475 807 686 853 ecclesie
709 809 935 865 tempore
961 806 1243 851 diuinorum
1269 809 1442 851 contra
1465 809 1659 852 statuta.

392 871 452 932 (8.
524 870 791 930 Kempsale
816 886 825 916 :
861 872 992 916 nota.
1064 870 1355 927 Iniunccio.)
1425 870 1551 915 Item
1575 869 1715 916 dicit2
1737 870 1802 916 de
1828 871 2094 930 Kempsale
2116 874 2303 920 vicario

261 939 312 980 vt
337 950 498 994 supra,
524 938 573 980 et
596 938 671 980 est
707 933 916 978 festinus
948 934 1102 978 nimio
1125 934 1176 978 in
1201 933 1462 992 psallendo
1487 933 1657 979 diuina
1680 935 1903 980 seruicia.
1975 935 2196 982 Monitus
2230 941 2305 984 est

262 999 399 1060 quod
434 997 704 1044 decetero.⁸

390 1061 745 1123 (Shiryngham
770 1063 819 1107 et
844 1060 1228 1119 Bramburghe:
1262 1060 1417 1120 nota.)
1486 1061 1613 1106 Item
1648 1061 1785 1122 quod
1820 1061 1978 1108 Alicia
2014 1062 2305 1111 Wodehille

263 1126 415 1172 habet
454 1140 771 1172 communem
810 1138 1066 1170 accessum
1105 1124 1170 1169 ad
1211 1124 1438 1183 hospicia
1483 1123 1817 1184 Shiryngham
1863 1129 1912 1171 et
1958 1126 2304 1187 Bramburghe

261 1192 505 1249 suspecte,
531 1193 580 1234 et
618 1189 685 1233 ibi
725 1188 878 1248 pinsit
901 1202 1056 1246 panes
1080 1202 1209 1233 suos.
1279 1187 1612 1248 Shiryngham
1648 1190 1929 1247 comparuit
1965 1190 2187 1236 secundo
2222 1192 2304 1237 die

264 1254 559 1298 Decembris
595 1255 645 1298 et
681 1253 881 1297 obiecto
917 1251 1127 1297 articulo
1165 1254 1314 1310 negat
1350 1266 1499 1297 omne
1534 1252 1722 1297 crimen
1759 1267 1872 1298 curn
1912 1253 2125 1310 eadem;
2171 1255 2303 1300 vnde

261 1318 492 1362 dominus
515 1316 694 1361 indixit
718 1316 812 1361 sibi
836 1318 887 1360 vt
910 1318 1088 1374 purget
1111 1329 1164 1360 se
1187 1329 1300 1360 cum
1325 1316 1357 1374 ij
1384 1315 1449 1360 de
1472 1315 1806 1361 confratribus
1829 1317 1929 1362 suis
1947 1317 1996 1362 in
2015 1317 2109 1362 ista
2126 1318 2304 1364 eadem

259 1382 514 1435 instanter,
541 1383 590 1425 et
614 1380 686 1425 sic
709 1379 941 1439 purgauit
965 1394 1018 1424 se
1042 1393 1156 1425 cum
1180 1378 1355 1424 Chelle
1379 1381 1428 1424 et
1454 1379 1814 1438 Bramburghe.

389 1443 759 1504 (Bramburghe
790 1460 798 1489 :
850 1442 1005 1504 nota.)
1091 1443 1218 1488 Item
1258 1442 1380 1488 dicit
1419 1442 1554 1502 quod
1595 1442 1942 1502 Bramburghe
1981 1446 2056 1490 est
2094 1445 2304 1491 multum

259 1508 483 1554 tediosus
519 1507 846 1566 psallentibus
882 1507 933 1552 in
970 1507 1127 1552 choro
1163 1509 1215 1551 vt
1251 1520 1413 1565 supra,
1439 1510 1490 1552 vt
1525 1507 1577 1551 in
1608 1506 1827 1552 dicendo
1863 1508 2127 1554 seruicium
2161 1523 2303 1555 suum

260 1575 310 1617 vt
345 1587 400 1617 su
440 1586 507 1617 ra.

388 1587 776 1695 (ghirynghamz
825 1634 980 1692 nota.)
1050 1634 1294 1679 Dominus
1329 1633 1581 1694 Johannes
1617 1633 1905 1695 Gaddesby,
1943 1634 2304 1694 prebendarius

259 1699 454 1744 decime
478 1698 750 1758 prebende,
770 1698 995 1743 exhibuit
1018 1697 1319 1744 sufficienter
1342 1698 1392 1742 in
1416 1697 1648 1743 omnibus
1665 1699 1716 1743 et
1733 1698 1911 1743 iurauit
1934 1698 2302 1756 obedienciam;

259 1766 308 1808 et
332 1763 642 1808 examinatus
666 1761 787 1807 dicit
811 1761 875 1807 de
898 1761 1103 1807 infamia
1126 1761 1316 1807 domini
1340 1760 1581 1822 Johannis
1604 1761 1953 1821 Shiryngham.

388 1827 627 1885 Magister
654 1825 947 1884 Radulphus
971 1825 1176 1881 Welles,
1202 1824 1565 1884 prebendarius
1587 1824 1846 1884 prebende
1869 1828 2059 1887 quarte,
2079 1826 2305 1872 exhibuit

258 1891 308 1936 in
333 1891 564 1936 omnibus
588 1891 637 1935 in
662 1889 838 1934 ordine
863 1888 1252 1950 presbyteratus⁴
1276 1905 1285 1944 ;
1321 1888 1455 1934 vnde
1491 1888 1644 1934 habet
1679 1889 1946 1934 terminum
1969 1889 2034 1935 ad
2065 1889 2302 1936 exhiben-

258 1954 379 1999 dum
414 1954 463 1999 in
501 1953 586 1999 illo
622 1953 747 1998 citra
782 1952 966 1998 festum
989 1954 1148 1999 sancti
1188 1952 1319 1998 Petri
1343 1952 1394 1997 in
1419 1951 1660 1998 cathedra
1682 1953 1979 2011 proximum,
2003 1953 2304 2016 Vbicumque

259 2018 492 2063 dominus
515 2017 675 2062 fuerit.
748 2016 813 2061 Et
836 2017 1015 2062 iurauit
1039 2015 1402 2069 obedienciam,
1428 2018 1477 2061 et
1501 2015 1809 2061 examinatus
1833 2016 1969 2063 dicit.

387 2082 447 2141 (9.
486 2081 890 2126 Elemosinarius.
930 2079 1223 2140 Iniunccio.)
1292 2079 1427 2125 Dicit
1451 2079 1515 2125 de
1538 2080 1733 2124 statutis
1757 2079 1820 2125 de
1843 2079 2051 2126 infirmis
2074 2080 2304 2128 admissis

259 2147 308 2190 in
333 2145 744 2200 elemosinariam,
771 2143 902 2190 cum⁵
924 2144 1267 2190 conualuerint
1303 2143 1547 2189 deberent
1584 2142 1766 2202 expelli
1802 2158 1892 2203 per
1915 2146 2112 2201 statuta,
2138 2147 2187 2190 et
2220 2145 2302 2190 alii

258 2208 458 2254 infirmi⁶
480 2208 724 2254 deberent
747 2207 871 2253 locis
895 2222 1067 2253 eorum
1090 2208 1269 2254 iterato
1292 2206 1461 2266 recipi.

387 2273 706 2331 (prepositus
775 2271 1071 2317 Consulatur
1094 2271 1326 2317 dominus
1349 2285 1497 2330 super
1521 2269 1656 2329 hoc.)
1737 2271 1863 2317 Item
1887 2270 2010 2316 dicit
2032 2271 2168 2332 quod
2192 2286 2299 2331 pre-

259 2338 452 2396 positus
488 2350 588 2381 non
625 2336 728 2381 vult
764 2335 992 2380 laborare
1029 2349 1121 2394 pro
1158 2333 1438 2380 commodis
1473 2333 1736 2395 adquisitis
1758 2335 1883 2380 citra
1906 2337 2103 2391 statuta,
2130 2335 2303 2381 dicens

258 2400 394 2462 quod
419 2414 507 2459 per
530 2399 730 2445 statuta⁷
753 2413 853 2444 non
877 2401 1073 2444 tenetur
1096 2398 1161 2444 ad
1185 2398 1299 2444 hoc.
1523 2451 1529 2456 .

391 2463 507 2524 [Ρο.
537 2462 669 2523 101.]
741 2462 909 2522 (Nota.
940 2462 1034 2523 13.)
1100 2461 1383 2508 Willelmus
1420 2460 1606 2516 Chelle,
1632 2461 1993 2520 prebendarius
2026 2475 2158 2508 none
2191 2477 2300 2522 pre-

259 2528 438 2583 bende,
465 2527 690 2573 exhibuit
714 2526 1017 2572 sufficienter
1039 2527 1090 2571 in
1115 2525 1346 2571 omnibus
1369 2528 1420 2571 et
1442 2525 1621 2570 iurauit
1643 2524 1994 2571 obedienciam
2018 2543 2028 2581 ;
2065 2528 2114 2571 et
2137 2540 2300 2572 exam-

257 2593 419 2637 inatus
455 2591 577 2636 dicit
613 2590 750 2652 quod
789 2590 1070 2649 Kempsale,
1107 2590 1332 2644 vicarius,
1373 2589 1558 2649 Derby,
1582 2589 1808 2644 vicarius,
1832 2588 2084 2650 Johannes
2123 2589 2300 2650 Dalby‚

258 2655 483 2711 vicarius,
509 2657 622 2699 sunt
646 2653 855 2699 multum
879 2654 1187 2712 garrulantes
1210 2656 1260 2699 et
1295 2652 1562 2698 irridentes
1585 2653 1634 2697 in
1658 2652 1817 2698 choro
1840 2653 1890 2698 in
1914 2665 2067 2711 graue
2090 2653 2299 2712 impedi-

259 2721 480 2764 mentum
506 2718 662 2763 diuini
686 2718 897 2763 seruicii.
979 2717 1377 2776 Comparuerunt
1413 2730 1589 2762 omnes
1624 2718 1674 2761 et
1710 2716 1911 2762 obiecto
1946 2716 2207 2773 articulo⁸;
2253 2719 2302 2762 et

259 2783 433 2828 moniti
474 2784 587 2827 sunt
627 2781 719 2827 sub
759 2795 889 2840 pena
928 2781 1208 2826 amissionis
1248 2780 1368 2840 iiijd.
1411 2780 1462 2824 in
1501 2780 1836 2825 communiam
1875 2781 2205 2836 vicariorum;
2253 2782 2302 2825 et

360 2895 371 2919 ¹
400 2895 562 2934 Altered
581 2895 681 2933 from
699 2895 866 2933 soluitus
883 2894 905 2944 (
909 2895 963 2933 sic
965 2894 1005 2943 )

357 2946 374 2970 2
398 2949 502 2997 quod
524 2947 739 2985 cancelled.

360 2998 375 3021 ³
401 2999 482 3036 Sic.
617 3034 619 3036 .

356 3051 371 3074 4
399 3050 460 3087 Sic
478 3062 487 3086 :
517 3050 591 3086 nisi
606 3049 841 3098 apparently
861 3048 1028 3086 omitted
1049 3049 1149 3086 after
1167 3048 1349 3086 omnibus.

359 3101 374 3123 ⁵
402 3103 484 3139 Sic:
513 3102 618 3151 quod
639 3100 819 3138 omitted.

359 3153 374 3176 ⁰
403 3152 566 3190 Altered
586 3152 685 3188 from
705 3152 892 3201 irfirmis.

357 3203 372 3228 ⁷
398 3206 454 3241 ad
474 3203 688 3240 cancelled.

362 3295 373 3318 ¹
402 3296 555 3335 Statute
582 3303 643 3343 47.
698 3296 783 3333 The
803 3295 953 3345 weekly
973 3296 1133 3345 chapter
1153 3308 1231 3333 was
1249 3295 1342 3333 held
1361 3307 1412 3332 on
1432 3294 1625 3343 Saturday
1643 3294 1740 3332 after
1761 3293 1908 3341 prime:
1938 3293 2090 3343 inquiry
2111 3305 2188 3330 was
2206 3293 2301 3330 then

258 3347 373 3385 made
390 3361 431 3386 as
450 3355 490 3385 to
510 3348 679 3386 offences
697 3347 925 3386 committed
944 3347 1085 3396 during
1104 3347 1169 3385 the
1187 3346 1311 3393 week,
1329 3347 1408 3384 and
1427 3346 1663 3384 corrections
1680 3345 1853 3384 inflicted
1872 3346 1922 3393 by
1950 3345 2016 3382 the
2043 3345 2144 3382 dean
2171 3357 2214 3381 or
2240 3344 2301 3382 his

258 3400 555 3490 depu2tysstatute
574 3460 624 3498 40
643 3450 823 3500 required
843 3451 1024 3500 personal
1042 3450 1278 3488 attendance
1297 3449 1337 3487 in
1355 3449 1480 3499 quire.

360 3501 376 3526 3
403 3502 478 3539 See
499 3509 591 3539 note
616 3511 631 3538 1
655 3514 705 3538 on
726 3513 764 3550 p.
789 3510 855 3547 191
878 3502 1016 3539 above.

361 3555 376 3579 ⁴
403 3553 479 3590 See
507 3561 602 3590 note
623 3559 642 3599 5
663 3564 712 3589 on
734 3565 773 3601 p.
799 3553 867 3589 188
887 3553 1026 3590 above.

361 3605 376 3628 ⁵
404 3604 471 3642 l.e.
499 3614 543 3641 22
566 3604 677 3649 Feb„
700 3613 853 3651 1440-1.

361 3655 377 3680 ⁶
404 3655 562 3694 Statute
595 3654 654 3695 16.

359 3708 374 3733 ⁷
402 3706 560 3745 statute
592 3706 653 3750 60,
682 3705 808 3743 which
841 3705 1009 3743 omitted
1042 3714 1084 3742 to
1116 3705 1281 3755 provide
1309 3706 1367 3743 for
1397 3705 1466 3743 the
1498 3712 1616 3742 event
1644 3703 1687 3741 of
1713 3703 1845 3741 future
1873 3701 2158 3740 benefactions.
2214 3700 2302 3738 The

258 3759 454 3809 provost's
473 3770 615 3795 excuse
634 3757 693 3795 for
710 3758 772 3795 his
791 3757 1028 3807 negligence
1048 3770 1127 3794 was
1146 3758 1353 3795 doubtless
1382 3756 1571 3794 intended
1591 3764 1631 3792 to
1650 3754 1808 3803 explain
1829 3766 1938 3803 away
1955 3754 2022 3790 the
2040 3753 2303 3800 mismanage-

260 3820 367 3851 ment
398 3810 439 3847 of
467 3809 678 3860 Symeon’s
706 3809 905 3848 chantries
933 3809 1013 3847 and
1043 3808 1109 3847 the
1138 3809 1448 3860 disappearance
1467 3807 1509 3845 of
1535 3807 1602 3846 the
1621 3806 1731 3845 stock
1751 3806 1792 3844 of
1808 3817 1952 3855 money
1971 3803 2223 3855 bequeathed
2252 3803 2302 3853 by
