2488 4296
304 406 420 460 180
755 392 1245 459 ALNWICK⁵S
1329 397 1896 459 VISITATIONS

305 558 569 604 cuiuslibet
592 557 708 602 anni
732 558 782 601 in
808 556 960 602 domo
986 557 1244 616 capitulari
1269 571 1438 603 coram
1462 560 1570 603 toto
1594 559 1859 611 conuentu,
1884 557 1963 602 vel
1988 557 2250 614 assignatis
2267 570 2357 615 per

305 624 622 674 conuentum,
669 620 947 678 plenarium
993 623 1284 679 compotum
1329 620 1394 666 de
1438 620 1725 666 reventibus
1771 620 1949 665 domus
1995 621 2044 664 et
2087 619 2229 665 totali
2270 634 2358 664 sua

305 683 758 735 administracione,
784 685 836 727 vt
859 683 1007 741 plane
1029 686 1270 742 appareat
1303 684 1573 729 conuentui
1609 683 1673 728 de
1709 685 1840 728 statu
1878 682 2070 738 domus,
2095 682 2359 728 oculariter

303 747 538 793 exhibeat
562 749 612 792 et
635 746 684 790 in
712 746 910 804 scriptis
934 746 1181 792 ostendat.

435 810 563 855 Item
599 809 791 855 monuit
828 809 1047 868 priorem
1084 810 1176 855 sub
1213 824 1344 869 pena
1379 810 1683 867 priuacionis
1718 823 1747 854 a
1785 811 1915 854 statu
1939 822 2042 864 suo,
2069 810 2118 853 et
2141 808 2359 866 singulas

306 886 545 932 personas
571 871 634 918 de
659 875 910 918 conuentu
947 872 1040 918 sub
1075 887 1207 931 pena
1244 872 1786 918 excommunicacionis
1821 872 1871 917 in
1909 886 1994 917 eas
2033 870 2358 926 fulminanda,

307 935 445 997 quod
492 935 729 982 decetero
774 935 908 981 nulla
954 935 1175 981 vendant
1229 938 1314 981 aut
1369 935 1652 982 concedant
1707 934 1951 990 corrodia,
1998 934 2232 980 liberatas
2277 938 2360 980 aut

308 999 577 1058 pensiones
610 998 676 1044 ad
709 999 975 1044 terminum
1012 1000 1127 1055 vite,
1153 1002 1344 1046 certum
1380 1001 1578 1057 tempus
1613 998 1692 1044 vel
1728 999 2112 1057 imperpetuum,
2137 1000 2221 1043 aut
2242 1011 2358 1043 con-

308 1062 535 1108 senciant
577 1062 662 1107 tali
707 1061 1014 1108 vendicionil
1051 1062 1129 1108 vel
1166 1062 1496 1108 concessioni²
1531 1062 1625 1107 nisi
1662 1061 1727 1108 de
1761 1061 1972 1107 licencia
2011 1061 2236 1120 episcopi
2269 1075 2362 1120 pro

307 1129 536 1184 tempore
560 1126 830 1171 existentis

447 1199 484 1236 -Ι-
503 1189 629 1234 Item
654 1190 845 1234 monuit
869 1189 1087 1248 priorem
1111 1187 1248 1250 quod
1272 1188 1426 1235 nichil
1449 1189 1661 1234 arduum
1685 1187 1835 1234 faciat
1852 1190 1936 1233 aut
1955 1187 2122 1233 firmas
2146 1187 2364 1233 dimittat

308 1252 402 1297 nisi
439 1252 576 1310 prius
613 1252 983 1298 communicato
1019 1255 1061 1297 et
1098 1251 1260 1297 habito
1295 1267 1546 1298 consensu
1582 1252 1784 1298 maioris
1821 1252 1977 1311 partis
2013 1253 2289 1297 conuentus
2312 1252 2363 1296 in

305 1315 526 1374 capitulo
549 1333 558 1371 ;
595 1318 645 1360 et
668 1318 786 1361 tunc
811 1315 1087 1374 sigillentur
1111 1315 1390 1374 sigillanda.

448 1379 630 1426 -l-Item
665 1379 858 1424 monuit
893 1380 1112 1438 priorem
1149 1379 1286 1440 quod
1323 1394 1423 1425 non
1455 1378 1642 1424 vendat
1680 1393 1886 1424 nemora
1921 1379 2125 1439 antiqua
2161 1377 2233 1423 vel
2269 1392 2363 1424 non

305 1443 456 1487 cedua
479 1442 573 1487 nisi
599 1441 664 1487 de
688 1443 906 1488 sciencia
931 1445 980 1487 et
1003 1442 1214 1488 licencia
1239 1443 1464 1501 episcopi
1489 1445 1538 1488 et
1561 1457 1812 1488 consensu
1835 1445 2126 1488 conuentus.

448 1516 485 1553 4-
503 1506 629 1551 Item
653 1505 790 1566 quod
815 1505 1052 1551 decetero
1077 1506 1243 1551 claues
1267 1506 1413 1565 sigilli
1438 1506 1717 1551 communis
1748 1508 2039 1551 remaneant
2062 1505 2112 1550 in
2136 1505 2365 1550 manibus

306 1570 454 1614 trium
479 1568 543 1614 de
568 1571 830 1624 conuentu,
857 1572 906 1615 et
930 1569 1067 1630 quod
1091 1569 1247 1615 nichil
1269 1569 1511 1628 sigilletur
1536 1569 1628 1614 nisi
1654 1569 1749 1614 hiis
1773 1569 1931 1614 tribus
1955 1569 2156 1614 vocatis.

449 1643 486 1679 ÷
505 1632 631 1678 Item
687 1633 824 1693 quod
870 1633 1099 1678 canonici
1146 1632 1371 1691 deputati
1417 1632 1482 1678 ad
1528 1633 1775 1678 exteriora
1819 1631 1984 1677 officia
2034 1646 2135 1677 non
2185 1634 2365 1677 exeant

309 1710 569 1756 quousque
593 1695 810 1741 dixerint
834 1697 1102 1741 matutinas
1126 1698 1175 1741 et
1199 1696 1319 1741 alias
1340 1696 1493 1741 horas
1518 1698 1567 1741 et
1591 1697 1766 1741 missas
1790 1695 2168 1741 celebrauerint.

452 1760 633 1807 ÷1tem
669 1759 806 1820 quod
840 1759 1099 1805 ordinetur
1132 1759 1269 1820 quod
1304 1760 1536 1805 mulieres
1572 1773 1671 1805 non
1709 1759 2054 1818 ingrediantur
2088 1757 2365 1804 clausuram

314 1823 525 1868 ecclesie
549 1837 642 1881 pro
666 1823 828 1868 missis
851 1823 1130 1878 audiendis,
1156 1822 1246 1868 sed
1270 1822 1407 1884 quod
1432 1837 1516 1868 eas
1539 1822 1744 1868 audiant
1767 1823 1817 1867 in
1843 1823 1956 1868 naui
1981 1822 2205 1868 ecclesie.

455 1897 491 1934 ÷
510 1887 637 1931 Item
661 1886 798 1946 quod
822 1886 1086 1932 humanius
1116 1888 1391 1932 tractentur
1425 1885 1606 1931 infirmi
1631 1888 1680 1932 et
1704 1900 1862 1942 senes,
1889 1888 1939 1932 et
1961 1885 2219 1932 ordinetur
2242 1900 2368 1930 vnus

316 1950 538 1995 seruiens
562 1949 627 1995 ad
650 1951 721 1995 eis
745 1949 1079 1995 seruiendum.

455 2024 493 2061 -ε-
511 2013 638 2058 Item
661 2013 798 2074 quod
822 2013 1081 2059 silencium
1106 2015 1330 2059 seruetur
1353 2012 1478 2058 locis
1501 2012 1685 2058 debitis
1711 2012 1986 2059 secundum
2010 2012 2247 2071 regulam.

455 2077 637 2124 ÷Item
682 2076 819 2138 quod
865 2077 1139 2123 elemosina
1174 2091 1266 2136 pro
1306 2076 1562 2122 canonicis
1596 2075 1848 2122 defunctis
1882 2076 2206 2121 distribuatur
2240 2077 2368 2121 inter

315 2141 473 2199 magis
507 2139 791 2199 indigentes
824 2141 908 2201 qui
943 2139 1143 2186 fuerunt
1177 2140 1451 2186 seruientes
1475 2140 1526 2184 in
1550 2139 1717 2196 domo,
1742 2142 2010 2201 postquam
2043 2139 2108 2185 ad
2143 2139 2366 2198 decrepi-

315 2206 470 2249 tatem
494 2204 807 2262 perueniunt.

455 2277 492 2315 -Ι-
511 2267 637 2312 Item
661 2267 794 2326 quod
819 2267 1078 2313 ordinetur
1101 2267 1179 2313 via
1204 2281 1295 2326 pro
1320 2267 1727 2326 reparacionibus
1750 2265 1943 2312 fiendis.

455 2341 492 2378 -1-
510 2330 637 2375 Item
660 2330 796 2390 quod
821 2330 1058 2377 decetero
1082 2331 1310 2377 canonici
1335 2345 1435 2376 non
1455 2330 1728 2377 celebrent⁸
1750 2330 1948 2375 annalia
1970 2329 2050 2375 vel
2072 2330 2367 2376 tricennalia

315 2394 502 2452 absque
526 2394 737 2440 licencia
761 2397 810 2439 et
835 2409 1083 2440 consensu
1107 2393 1345 2439 ordinarii
1370 2396 1420 2439 et
1443 2396 1654 2453 patroni.

445 2458 510 2502 Et
535 2457 631 2502 hiis
654 2457 852 2513 habitis,
879 2458 1125 2512 dominus,
1153 2457 1289 2503 salua
1313 2459 1363 2503 et
1386 2460 1639 2503 reseruata
1663 2458 1757 2503 sibi
1782 2457 2001 2502 faciendi
2036 2459 2087 2502 et
2122 2458 2368 2503 transmit-

312 2520 452 2565 tendi
490 2521 833 2567 iniuncciones
870 2524 920 2566 et
957 2521 1192 2566 mandata
1227 2521 1504 2567 secundum
1529 2521 1729 2567 detecta
1753 2523 1802 2567 et
1826 2523 2083 2580 comperta
2106 2522 2368 2579 potestate,

315 2583 544 2629 dissoluit
568 2585 911 2630 visitacionem
930 2584 1231 2630 huiusmodi.

445 2740 739 2794 WillelmuS,
782 2741 1111 2799 permissione
1152 2741 1322 2786 diuina
1365 2741 1730 2787 Lincolniensis
1769 2741 2060 2799 episcopus„
2089 2740 2284 2786 dilectis
2321 2741 2371 2785 in

317 2803 519 2849 Christo
565 2802 679 2849 filiis
723 2805 876 2862 priori
923 2807 972 2849 et
1016 2805 1286 2850 conuentui
1332 2805 1580 2863 prioratus
1626 2804 1690 2849 de
1738 2804 1924 2858 Landa,
1971 2792 2162 2849 ordinis
2213 2804 2371 2849 sancti

416 2914 428 2937 ¹
457 2889 619 2953 Altered
640 2915 738 2953 from
758 2917 995 2954 vendicione.

415 2964 431 2988 2
456 2967 501 3004 de
521 2967 738 3004 cancelled.

414 3016 429 3040 ³
456 3018 620 3056 Altered
638 3018 738 3056 from
758 3019 960 3056 celebrant.

332 3140 336 3146 .
415 3106 427 3129 ¹
456 3108 543 3145 The
564 3108 698 3146 verbal
717 3108 996 3153 admonitions,
1016 3108 1188 3147 founded
1207 3121 1259 3147 on
1279 3110 1344 3147 the
1362 3114 1548 3159 comperta
1567 3109 1642 3146 and
1673 3108 1869 3147 delivered
1897 3109 1949 3157 by
1969 3108 2035 3146 the
2066 3107 2208 3157 bishop
2236 3114 2277 3145 at
2303 3107 2369 3145 the

310 3160 415 3196 close
443 3159 484 3196 of
514 3159 574 3196 his
603 3159 816 3204 visitation,
839 3173 905 3198 are
923 3160 1053 3198 added
1075 3161 1178 3199 here.
1234 3161 1321 3198 The
1349 3161 1431 3198 first
1450 3160 1695 3198 admonition
1715 3160 1747 3198 is
1777 3160 1949 3197 founded
1969 3172 2075 3209 upon
2105 3172 2128 3196 a
2143 3165 2370 3207 compertum

309 3210 468 3297 gerived
502 3210 602 3247 from
635 3211 892 3260 Asfordeby's
923 3211 1017 3258 first,
1044 3212 1149 3261 John
1183 3212 1549 3262 Northamptone’s,
1588 3211 1906 3262 Lughtburghe's
1935 3211 2081 3248 second
2113 3210 2192 3248 and
2227 3207 2368 3258 Myles’

339 3266 466 3297 etecta.

415 3310 432 3334 ²
459 3314 490 3349 F
493 3313 651 3350 ounded
670 3326 721 3350 on
741 3315 807 3351 the
828 3313 964 3363 prior’s
983 3315 1060 3351 and
1081 3314 1261 3352 Yarum's
1279 3316 1420 3353 detecta
1438 3315 1516 3352 and
1538 3314 1792 3363 Asfordeby's
1810 3313 1939 3351 fourth
1958 3314 2158 3350 delectum.

416 3361 431 3385 ³
458 3363 554 3400 This
572 3364 819 3402 admonition
839 3366 871 3402 is
890 3378 912 3402 a
930 3365 1034 3403 rider
1052 3371 1093 3403 to
1113 3367 1178 3403 the
1197 3378 1272 3403 one
1293 3367 1516 3415 preceding.

417 3413 431 3437 ⁴
458 3414 573 3452 Silva
597 3417 715 3452 cedua
747 3416 778 3453 is
807 3416 963 3454 defined
996 3417 1036 3454 in
1068 3417 1134 3454 the
1168 3417 1386 3455 Provincial
1415 3417 1690 3455 constitutions
1709 3416 1752 3454 of
1775 3416 2030 3463 Canterbury,
2052 3424 2118 3460 111,
2140 3414 2197 3452 tit.
2218 3413 2283 3452 xvi
2305 3414 2363 3451 De

310 3465 482 3511 decimis,
515 3479 548 3504 c.
581 3475 602 3513 3
639 3467 904 3516 Quamquam,
941 3468 1072 3505 ‘illam
1106 3468 1187 3506 fore
1218 3481 1294 3517 que
1325 3469 1587 3518 cuiuscunque
1616 3469 1786 3507 existens
1816 3466 1970 3516 generis
1999 3466 2183 3503 arborum
2216 3465 2256 3503 in
2287 3465 2364 3502 hoc

237 3535 248 3537 s
313 3516 478 3554 habetur
498 3522 539 3554 ut
559 3517 731 3562 cedatur,
754 3524 792 3555 et
811 3531 887 3568 que
906 3518 1029 3556 eciam
1049 3519 1197 3557 succisa
1216 3532 1344 3557 rursus
1363 3532 1410 3557 ex
1429 3521 1614 3570 stirpibus
1633 3526 1699 3557 aut
1717 3518 1912 3557 radicibus
1930 3517 2154 3560 renascitur,
2173 3529 2219 3555 ac
2245 3529 2293 3554 ex
2320 3528 2366 3553 ea

312 3567 504 3604 decimam
532 3575 668 3617 utpote
697 3570 841 3607 realem
874 3576 912 3607 et
945 3570 1159 3619 predialem
1193 3571 1480 3620 parochialibus
1511 3577 1551 3609 et
1579 3570 1804 3609 matricibus
1835 3570 2008 3607 ecclesiis
2040 3568 2365 3618 persolvendam3

312 3630 464 3655 necnon
501 3620 696 3667 sylvarum
736 3633 974 3669 possessores
1011 3621 1235 3659 huiusmodi
1271 3622 1320 3659 ad
1357 3622 1642 3671 prestacionem
1680 3622 1920 3659 decimarum
1957 3621 2151 3668 lignorum
2193 3619 2364 3668 ipsorum

311 3669 528 3707 excisorum
548 3671 587 3707 in
607 3671 673 3714 eis,
692 3671 791 3709 sicut
811 3672 888 3709 feni
908 3678 945 3710 et
967 3672 1184 3717 bladorum,
1220 3673 1327 3711 omni
1359 3686 1522 3711 censura
1553 3673 1816 3711 ecclesiastica
1846 3672 1927 3709 sore
1958 3670 2146 3708 canonice
2177 3670 2364 3720 compell-

312 3720 465 3758 endos.'
531 3722 629 3759 This
648 3722 852 3760 definition
872 3723 903 3760 is
923 3723 1107 3772 repeated
1127 3725 1236 3770 ibid„
1260 3734 1302 3770 v,
1324 3725 1381 3762 tit.
1403 3725 1496 3762 xviii
1515 3726 1578 3762 De
1595 3725 1800 3762 verborum
1818 3722 2118 3771 significacione,
2138 3733 2170 3758 c.
2189 3734 2254 3759 un.
2314 3720 2362 3758 In

314 3771 553 3859 c{sisitafions
572 3781 601 3819 1,
622 3785 660 3819 4,
682 3773 760 3811 and
779 3774 818 3811 in
838 3786 913 3811 one
933 3787 974 3811 or
993 3783 1072 3812 two
1091 3775 1202 3812 other
1222 3775 1353 3824 places
1370 3777 1487 3814 cedua
1505 3776 1576 3814 has
1603 3776 1702 3814 been
1731 3774 2020 3821 inadvertently
2051 3772 2264 3810 translated
2299 3771 2363 3808 ‘in

342 3834 449 3869 ecay.
