2488 4296
339 419 409 478 72
787 397 1276 457 ALNWICK’S
1361 394 1925 454 VISITATIONS

333 560 517 606 abbate
539 573 602 605 an
625 557 774 604 vellet
806 556 949 603 aliter
972 554 1210 601 exhibere
1234 553 1298 599 de
1321 555 1454 598 statu
1477 567 1624 598 nunc.
1695 552 1832 598 Dicit
1863 553 2002 614 quod
2035 568 2151 602 non.
2221 555 2377 603 Inter-

333 626 534 682 rogatus
572 622 612 667 si
648 621 770 682 quid
805 619 924 665 velit
960 618 1199 664 exhibere
1236 616 1300 662 de
1336 619 1468 661 statu
1502 617 1554 661 in
1589 629 1690 677 quo
1721 616 1927 675 reperiit
1948 617 2000 662 in
2022 618 2251 677 ingressu
2273 634 2377 679 suo,

333 687 455 732 dicit
488 685 685 745 penitus
708 682 845 744 quod
878 683 929 727 in
953 681 1051 726 hoc
1075 678 1249 726 nichill
1272 680 1366 725 scit
1399 679 1569 725 dicere
1602 679 1682 725 vel
1715 679 1966 725 exhibere.
2039 681 2380 742 Interrogatus

333 751 535 808 insuper
558 749 598 793 si
622 747 742 808 quid
766 747 890 791 sciat
909 744 1076 790 dicere
1095 757 1248 804 quare
1267 757 1367 788 non
1386 742 1570 788 debeat
1593 742 1833 801 suspendi
1855 743 1920 788 ab
1938 743 2379 793 administracione

333 814 577 858 bonorum
602 809 886 868 monasterij
913 811 1150 868 tanquam
1175 809 1434 865 suspectus
1458 805 1523 850 de
1547 805 1931 864 dilapidacione,
1957 810 2067 864 etc.‚
2086 808 2242 855 nichil
2263 824 2377 869 pro-

333 876 512 935 posuit.
581 873 809 919 Tandem
833 872 968 917 idem
992 869 1297 916 reuerendus
1321 871 1464 929 pater
1488 868 1615 914 dixit
1637 868 1734 915 hec
1755 869 1835 915 vel
1859 870 2038 916 similia
2063 888 2072 918 :
2111 874 2121 894 ⁴
2138 872 2266 931 Quia
2287 888 2379 933 per

333 939 613 985 confessata
637 938 801 982 vestra
825 949 993 980 coram
1018 934 1163 979 nobis
1186 933 1307 978 alias
1334 934 1376 977 et
1410 947 1538 977 nunc
1571 933 1752 978 emissa
1786 933 2079 995 ruinamque
2114 935 2378 983 domorum

332 1005 382 1049 et
420 1000 730 1047 edificiorum
767 997 1052 1056 monasterij
1095 999 1199 1042 tam
1237 997 1444 1041 interius
1482 1010 1633 1056 quam
1678 996 1895 1042 exterius
1939 1012 2037 1058 que
2074 998 2140 1045 ad
2180 999 2380 1046 oculum

331 1067 481 1126 patet,
529 1066 578 1109 et
621 1063 782 1109 eciam
825 1062 876 1106 in
922 1061 1240 1106 exhibicione
1284 1061 1440 1104 status
1486 1059 1665 1105 domus
1710 1058 2064 1117 deficientem,²
2096 1076 2186 1108 vos
2229 1077 2380 1123 super

332 1127 702 1187 dilapidacione
725 1125 973 1170 bonorum
1007 1123 1294 1182 monasterij
1331 1122 1575 1168 habemus
1610 1125 1932 1182 suspectum:
1967 1123 2158 1171 idcirco
2192 1140 2282 1172 vos
2315 1126 2379 1172 ab

331 1190 770 1237 administracione
801 1187 1086 1233 huiusmodi
1122 1187 1369 1232 bonorum
1403 1186 1781 1245 suspendimus'
1808 1204 1818 1243 ;
1853 1188 2170 1245 presentibus
2192 1189 2378 1251 Wylly,

334 1255 528 1300 Beuues
553 1255 602 1298 et
633 1267 712 1298 me
737 1251 990 1298 Colstone.
1055 1249 1285 1296 Tandem
1322 1249 1387 1295 de
1423 1263 1671 1295 consensu
1706 1253 1757 1295 et
1791 1264 1996 1296 assensu
2031 1266 2092 1298 ac
2126 1253 2380 1311 peticione

331 1317 579 1376 expressis
629 1315 825 1361 abbatis
870 1316 920 1360 et
964 1314 1321 1359 canonicorum
1375 1312 1718 1372 predictorum
1774 1315 2090 1373 presencium
2147 1315 2381 1362 dominus

330 1381 591 1440 deputauit
636 1378 944 1424 Willelmum
993 1377 1289 1437 Marmyone
1338 1376 1796 1423 administratorem
1849 1378 2201 1437 temporalium
2257 1379 2380 1426 dicti

329 1443 632 1503 monasterij,
658 1442 868 1501 prestito
892 1442 1172 1486 iuramento
1204 1454 1295 1499 per
1319 1440 1536 1486 eundem
1561 1440 1870 1486 Willelmum
1906 1455 2074 1487 coram
2099 1443 2306 1489 domino
2330 1445 2381 1489 et

333 1508 454 1567 ipsis
489 1507 672 1552 abbate
708 1508 758 1551 et
794 1505 1048 1561 canonicis
1085 1505 1137 1549 in
1173 1503 1393 1563 capitulo
1429 1504 1727 1549 iuramento³
1765 1505 2014 1564 corporali
2055 1505 2121 1551 de
2164 1505 2380 1552 fideliter

329 1569 725 1617 administrando
751 1571 799 1614 et
833 1567 1048 1613 fideliter
1071 1567 1426 1626 computando,
1453 1582 1567 1613 cum
1589 1581 1680 1626 per
1704 1567 1964 1614 dominum
1988 1571 2192 1614 exactus
2214 1569 2378 1617 fuerit.

333 1635 399 1680 Et
435 1634 795 1694 subsequenter
831 1631 1082 1677 ordinauit
1118 1630 1255 1692 quod
1292 1645 1468 1676 omnes
1504 1631 1651 1676 simul
1686 1632 1738 1676 in
1772 1647 1870 1678 vna
1904 1633 2057 1678 domo
2085 1632 2215 1678 infra
2237 1635 2381 1693 septa
2429 1670 2433 1674 .

330 1698 631 1756 monasterij,
658 1697 751 1741 nisi
785 1695 1044 1741 infirmitas
1067 1694 1146 1740 vel
1170 1694 1265 1740 alia
1287 1694 1511 1753 legitima
1534 1709 1683 1740 causa
1716 1695 2016 1755 impedierit,
2041 1696 2093 1741 in
2126 1698 2380 1743 communi

333 1760 603 1807 comedant
634 1777 643 1816 ;
690 1759 826 1821 quod
867 1759 1030 1804 dictus
1069 1757 1402 1804 administrat³
1440 1757 1603 1804 soluat
1646 1757 1820 1804 abbati
1863 1760 2119 1805 annuatim
2162 1760 2280 1806 xxd.
2329 1761 2380 1806 in

329 1825 607 1884 septimana
630 1838 722 1882 pro
741 1823 1037 1868 communiis
1062 1824 1111 1868 et
1133 1821 1221 1867 xls.
1248 1822 1300 1866 in
1323 1836 1455 1867 anno
1479 1821 1545 1867 ad
1562 1823 1810 1879 vestitum,
1831 1826 1881 1868 et
1905 1823 2111 1869 cuilibet
2134 1825 2380 1870 canonico

329 1888 534 1946 singulis
558 1886 848 1946 septimanis
871 1885 1027 1946 xiiijd.
1055 1888 1104 1931 et
1127 1900 1231 1931 xxs
1257 1885 1308 1930 in
1331 1899 1464 1931 anno
1498 1900 1591 1944 pro
1615 1887 1913 1932 communiis
1946 1889 1997 1932 et
2029 1887 2214 1933 vestitu
2246 1888 2347 1933 suis
2368 1904 2378 1945 ;

329 1954 379 1997 et
416 1950 553 2012 quod
589 1951 687 1995 sint
722 1950 773 1995 in
809 1949 1112 1995 monasterio
1147 1949 1368 2010 quinque
1402 1948 1601 1994 honesti
1636 1949 1884 1996 seculares
1907 1951 2182 1996 seruientes
2205 1953 2256 1996 et
2279 1965 2380 1997 non

329 2014 508 2074 plures,
547 2013 781 2059 videlicet
816 2028 941 2058 vnus
983 2027 1134 2058 cocus
1174 2027 1289 2058 cum
1327 2013 1564 2071 garcione
1600 2027 1704 2069 suo,
1742 2028 1869 2059 vnus
1904 2013 2116 2059 clericus
2152 2013 2379 2072 ecclesie,

329 2093 454 2124 vnus
477 2078 561 2138 qui
585 2076 834 2123 custodiat
868 2076 1119 2122 cellariam
1154 2091 1294 2122 suam
1329 2078 1380 2122 et
1413 2077 1476 2121 sit
1509 2077 1740 2136 prouisor
1771 2077 2060 2123 victualium
2094 2092 2297 2124 suorum
2331 2080 2381 2124 et

331 2142 513 2187 seruiat
550 2141 620 2186 eis
656 2141 707 2185 in
746 2154 930 2197 mensa,
970 2142 1019 2185 et
1054 2140 1150 2185 alia
1186 2139 1399 2186 honesta
1433 2154 1650 2199 persona
1685 2155 1782 2202 que
1810 2141 2065 2202 obsequiis
2087 2140 2285 2186 abbatis
2307 2142 2378 2187 in-

330 2205 504 2250 tendat
535 2221 544 2251 :
593 2204 677 2265 qui
718 2218 892 2249 omnes
928 2203 1179 2263 stipendia
1216 2203 1280 2249 de
1317 2203 1455 2249 dicto
1490 2203 1859 2250 administrare⁸
1893 2204 2188 2264 percipiant,
2227 2218 2381 2251 cocus

330 2282 450 2314 vero
490 2271 539 2313 et
574 2268 742 2326 garcio
782 2270 831 2313 et
875 2268 1104 2326 prouisor
1139 2267 1427 2313 victualium
1465 2267 1652 2313 victum
1697 2267 1762 2313 de
1806 2282 1979 2313 mensa
2022 2268 2381 2314 canonicorum

331 2332 622 2391 percipiant,
643 2331 851 2376 clericus
875 2331 1086 2377 ecclesie
1108 2330 1245 2391 viijd.
1272 2333 1322 2376 et
1345 2331 1567 2377 seruiens
1589 2331 1787 2376 abbatis
1803 2331 1941 2391 viijd.
1966 2345 2059 2391 pro
2083 2330 2381 2377 communiis

330 2396 430 2440 suis
455 2395 518 2440 de
543 2394 679 2440 dicto
701 2394 1067 2440 administrare³
1090 2395 1385 2454 percipiant.
1474 2395 1581 2440 Sint
1606 2395 1764 2440 eciam
1788 2395 1858 2440 ibi
1881 2410 2006 2440 vnus
2029 2394 2160 2441 lotor
2184 2397 2234 2441 et
2255 2409 2381 2441 vnus

331 2459 647 2504 barbitonsor
670 2458 754 2519 qui
779 2459 1034 2504 canonicis
1059 2458 1346 2503 deseruiant
1369 2460 1419 2504 et
1450 2458 1703 2517 stipendia
1726 2458 1790 2504 de
1815 2458 1952 2504 dicto
1975 2457 2381 2504 administratore

330 2523 623 2581 percipiant.
694 2522 759 2566 Et
783 2521 878 2567 hiis
902 2522 973 2567 sic
996 2522 1134 2576 actiS,
1161 2521 1405 2567 ordinatis
1429 2524 1479 2567 et
1503 2521 1836 2578 concordatis,
1862 2522 2108 2578 dominus,
2129 2524 2381 2568 reseruata

329 2588 577 2644 potestate
601 2585 899 2644 corrigendi,
920 2585 1162 2644 puniendi
1188 2587 1237 2631 et
1260 2584 1569 2631 reformandi
1593 2585 1794 2632 detecta
1817 2588 1867 2632 et
1890 2588 2150 2645 comperta
2171 2586 2224 2631 in
2246 2586 2379 2631 visit-

331 2649 505 2694 acione
529 2648 814 2694 huiusmodi
839 2652 888 2695 et
911 2648 1131 2695 faciendi
1155 2649 1499 2695 iniuncciones
1517 2652 1665 2709 prout
1687 2649 1870 2695 viderit
1892 2649 2194 2706 faciendum,
2214 2649 2379 2695 huius-

331 2712 468 2758 modi
492 2713 834 2759 visitacionem
857 2727 997 2758 suam
1021 2712 1263 2759 dissoluit.

464 2984 578 3046 [Fo.
609 2999 710 3042 112,
737 2985 908 3032 sched.
939 2984 991 3047 1]
1042 2986 1266 3032 Thomas
1289 2986 1632 3047 Tewkesbury
1655 2986 1809 3033 habet
1842 2985 2096 3048 quandam
2131 3000 2381 3032 cameram

332 3049 437 3094 vsui
463 3064 551 3094 suo
575 3051 779 3108 proprio
802 3051 1190 3109 appropriatam,
1211 3049 1276 3095 ad
1299 3064 1450 3111 quam
1473 3049 1527 3095 fit
1552 3064 1823 3095 concursus
1846 3050 2121 3105 mulierum,
2141 3050 2381 3109 precipue

332 3112 590 3157 cuiusdam
616 3114 817 3159 nomine
843 3114 1124 3172 Margarete
1153 3113 1316 3174 Heny,
1342 3128 1492 3175 quam
1515 3113 1773 3172 predictus
1806 3113 2030 3158 Thomas
2052 3114 2212 3158 tenuit
2246 3116 2297 3159 et
2329 3113 2381 3158 in

332 3176 551 3234 presenti
586 3175 724 3221 fouet
758 3179 807 3222 et
841 3179 1097 3223 sustentat.
1165 3176 1246 3222 Ad
1274 3177 1488 3222 eandem
1513 3191 1762 3222 cameram
1785 3175 1840 3221 fit
1865 3175 2156 3222 concursus⁴
2179 3177 2380 3222 canoni-

333 3252 504 3284 corum
527 3242 642 3297 post
665 3239 943 3298 prandium,
964 3243 1080 3300 post
1102 3239 1542 3300 complettorium,⁸
1559 3242 1608 3286 et
1630 3240 1818 3286 ibidem
1839 3241 2040 3285 mittunt
2058 3242 2173 3299 post
2196 3241 2383 3285 bonam

333 3302 594 3347 seruiciam
618 3304 666 3347 et
689 3302 865 3347 ludunt
888 3303 953 3348 ad
978 3318 1181 3350 scaccos
1207 3307 1256 3349 et
1290 3306 1458 3350 cetera
1481 3303 1578 3349 alia
1600 3306 1754 3363 agunt
1787 3318 1885 3365 que
1908 3306 2022 3348 sunt
2045 3303 2311 3349 inhonesta
2333 3306 2384 3349 et

333 3378 423 3423 per
446 3368 730 3410 sanctorum
755 3369 950 3424 patrum
975 3367 1178 3413 decreta
1201 3368 1400 3427 penitus
1424 3367 1706 3414 interdicta.

437 3475 449 3498 i

433 3527 450 3600 Ξ
472 3476 756 3586 ffigfrggeflrlgss
776 3526 1032 3576 deficientem.

435 3628 450 3650 4
476 3578 681 3665 viminum
701 3629 914 3668 cancelled.

436 3717 447 3741 ¹
477 3717 565 3755 The
593 3717 821 3766 allowanoe,
841 3731 882 3757 as
910 3721 1074 3769 regards
1092 3722 1285 3772 cloffling,
1306 3723 1338 3761 is
1357 3722 1504 3761 double
1525 3723 1612 3761 that
1632 3723 1674 3761 of
1701 3735 1722 3760 a
1741 3735 1868 3761 canon
1887 3734 1895 3770 ;
1925 3736 1967 3761 as
1986 3722 2147 3773 regards
2165 3735 2382 3770 commonS,

333 3769 427 3819 only
446 3768 711 3806 three-tenths
730 3782 851 3807 more.

431 3819 448 3844 2
475 3819 562 3859 The
582 3820 736 3858 written
755 3820 894 3862 detecta
913 3822 1039 3862 which
1059 3823 1190 3862 follow
1210 3836 1275 3863 are
1295 3825 1334 3863 in
1353 3837 1376 3862 a
1396 3825 1503 3877 large
1522 3825 1629 3864 hand
1649 3838 1756 3878 upon
1776 3838 1798 3863 a
1818 3832 1999 3878 separate
2019 3824 2145 3864 sheet.
2201 3824 2238 3866 It
2256 3825 2291 3865 is
2308 3833 2378 3865 not

2438 538 2454 556 Q
