2488 4296
331 412 406 465 66
788 399 1272 461 ALNWICK’S
1357 395 1920 455 VISITATIONS

460 564 586 609 Item
609 564 660 607 vt
683 560 854 619 regula
885 560 1049 604 vestra
1082 560 1133 603 et
1165 555 1557 602 constituciones
1589 555 1755 599 vestre
1789 552 2110 600 benedictine
2132 555 2260 601 inter
2282 570 2373 602 vos

330 627 529 673 caucius
553 626 922 678 conseruentur,
947 621 1250 678 iniungimus
1272 618 1416 664 vobis
1442 618 1598 676 priori
1632 618 1682 662 et
1715 618 1965 676 suppriori
1989 618 2074 679 qui
2097 633 2230 665 nunc
2253 620 2373 666 estis

331 693 380 736 et
403 684 652 751 quivobis
675 684 979 740 succedent‚¹
1006 684 1098 729 sub
1122 697 1253 742 pena
1276 680 1815 727 excommunicacionis
1848 681 2115 738 antedicte‚
2150 684 2203 727 vt
2235 683 2372 728 omni

326 753 410 799 die
433 755 546 811 post
570 751 796 810 preciosa
819 749 869 793 in
889 747 1107 806 capitulo
1133 745 1268 791 dicta
1289 759 1442 789 vnum
1466 743 1740 802 capitulum
1774 742 1838 789 de
1872 743 2043 802 regula
2071 748 2236 791 vestra
2267 747 2373 792 siue

328 814 772 862 constitucionibus
796 810 1053 870 predictis²
1075 809 1160 854 illo
1184 807 1338 853 modo
1362 807 1559 852 recitari
1585 809 1634 852 et
1656 806 1755 865 legi
1773 806 1968 853 faciatis
1984 810 2036 853 vt
2054 808 2118 853 ab
2141 810 2374 856 omnibus

326 879 663 936 intelligantur
702 879 742 920 et
781 868 1101 929 obseruentur,
1143 872 1404 931 confratres
1437 873 1479 915 et
1513 869 1869 915 commonachos
1907 873 2080 916 vestros
2125 870 2230 932 [in]
2265 876 2371 932 pre-

325 942 571 987 missorum
603 938 832 999 ali[q]uo
863 934 1247 997 delinquen[t]es
1271 934 1431 980 taliter
1453 934 1710 978 secundum
1741 931 2004 996 [re]gulam
2029 934 2373 997 corri[g]entes

326 1008 372 1051 vt
395 1021 442 1050 ce
470 1002 608 1064 [teri]
632 1006 718 1062 per
741 1001 826 1047 hoc
850 1015 882 1045 a
899 1000 1134 1045 similibus
1164 996 1516 1059 [a]rceantur.⁸

453 1081 579 1125 Item
612 1078 914 1136 iniungimus
946 1076 1090 1122 vobis
1122 1074 1366 1120 vniuersis
1401 1076 1451 1119 ct
1484 1073 1691 1133 singulis
1725 1074 1809 1135 qui
1850 1089 1982 1120 nunc
2017 1075 2148 1131 estis,
2183 1090 2374 1137 vosque

325 1157 584 1189 monemus
608 1143 784 1200 primo,
811 1139 1034 1186 secundo
1058 1141 1107 1184 et
1129 1138 1286 1183 tercio
1310 1138 1648 1196 peremptorie
1672 1152 1735 1183 ne
1758 1137 1869 1199 quis
1890 1140 2110 1184 vestrum
2133 1139 2184 1184 in
2205 1139 2374 1185 villam

323 1206 387 1251 de
428 1207 682 1251 Dauentre
721 1204 969 1258 accedatis,
1012 1217 1094 1247 nec
1132 1202 1183 1246 in
1222 1201 1313 1247 illa
1357 1203 1442 1246 aut
1485 1200 1595 1245 aliis
1640 1201 1769 1246 villis
1816 1215 1904 1246 seu
1947 1201 2072 1247 locis
2110 1202 2177 1248 ad
2220 1217 2372 1248 vnum

327 1269 608 1314 milliarium
631 1267 1011 1326 circumpositis,
1037 1265 1127 1310 sed
1152 1278 1314 1325 neque
1339 1266 1479 1310 extra
1501 1266 1645 1323 septa
1678 1264 1960 1310 claustralia
1993 1279 2107 1311 cum
2141 1266 2372 1312 seculari-

327 1333 419 1377 bus
443 1334 527 1377 aut
551 1332 679 1376 inter
708 1345 794 1376 eos
830 1329 1098 1375 comedere
1120 1330 1205 1373 aut
1240 1327 1415 1373 bibere
1447 1328 1748 1386 presumatis
1782 1362 1790 1372 .
1830 1364 1839 1374 .
1877 1363 1886 1373 .
1925 1364 1934 1374 .
1971 1329 2087 1374 dum
2126 1328 2374 1390 [negoc]iis

327 1393 549 1455 do[mus]
591 1431 600 1440 .
639 1431 648 1440 .
688 1428 697 1438 .
735 1408 820 1438 con
865 1429 874 1438 .
926 1427 935 1437 .
990 1390 1158 1452 [dum]
1201 1394 1337 1436 taxat
1378 1389 1623 1451 [exceptis]
1665 1389 1751 1436 hoc
1791 1390 2040 1452 [prouiso]
2081 1393 2208 1452 quod
2237 1396 2373 1453 pota-

334 1457 511 1520 [cioni]
523 1458 605 1502 bus
628 1461 668 1502 et
691 1455 1152 1517 con*1e[sa]cionibus
1175 1454 1288 1499 locis
1318 1453 1405 1515 [il]
1415 1453 1472 1499 lis
1496 1453 1714 1515 nulla[t]
1724 1455 1831 1499 inus
1854 1454 2088 1500 intendat⁴
2109 1473 2118 1512 ;
2155 1457 2375 1516 quodque

329 1521 546 1566 mulieres
569 1521 761 1580 aliquas
785 1523 1206 1580 quantumcunque
1230 1516 1444 1563 honestas
1473 1517 1605 1578 infra
1641 1518 1818 1563 dictum
1847 1519 2122 1578 prioratum
2157 1520 2373 1566 introdu-

327 1584 458 1630 catis⁵
482 1599 564 1629 nec
587 1584 650 1629 ab
674 1583 785 1628 aliis
807 1583 1103 1628 introductas
1137 1583 1205 1627 ad
1224 1581 1626 1640 familiaritatem
1659 1581 1880 1642 aliquam
1915 1582 2194 1640 admittam,
2221 1586 2375 1630 matre

327 1651 368 1693 et
406 1663 563 1693 sorore
602 1651 643 1692 et
683 1647 794 1692 aliis
832 1647 889 1692 cle
929 1645 1100 1706 quibus
1139 1644 1290 1691 nichil
1325 1644 1447 1691 mali
1482 1645 1596 1690 iura
1626 1648 1819 1705 possunt
1853 1645 2085 1705 suspicari
2119 1647 2375 1693 dumtaxat

326 1711 551 1771 exceptz's,⁶
575 1711 666 1756 sub
690 1725 821 1770 pena
844 1709 1384 1756 excommunicacionis
1407 1709 1610 1754 maioris
1643 1723 1793 1770 quam
1826 1709 1877 1754 in
1911 1723 2152 1768 personas
2185 1713 2375 1757 vestras

327 1774 612 1833 singulares,
639 1775 679 1819 si
703 1773 799 1819 hiis
823 1774 1005 1820 nostris
1035 1773 1339 1818 iniunccioni
1375 1774 1424 1818 et
1457 1772 1731 1818 monicioni
1765 1771 2095 1819 effectualiter
2129 1788 2230 1819 non
2263 1788 2375 1834 par-.

327 1838 511 1894 ueritis,
537 1838 712 1883 vestris
737 1837 869 1893 dolo,
890 1837 1036 1896 culpa
1060 1836 1126 1883 et⁷
1150 1835 1356 1892 offensa,
1377 1837 1648 1897 nostraque
1670 1836 1800 1881 trina
1822 1837 2067 1883 canonica
2090 1837 2375 1884 monicione

327 1902 569 1961 premissa
591 1901 979 1960 precedentibus
1003 1902 1053 1946 et
1086 1899 1140 1945 id
1163 1900 1343 1945 merito
1366 1899 1697 1958 exigentibUS,
1724 1914 1922 1946 exnunc
1944 1902 2095 1959 prout
2119 1903 2303 1948 extunc
2325 1903 2376 1948 et

328 1967 509 2010 extunc
531 1967 679 2023 prout
703 1979 898 2010 exnunc
922 1963 1127 2009 ferimus
1150 1963 1202 2008 in
1226 1963 1322 2008 hiis
1346 1963 1560 2022 scriptis.

457 2041 669 2086 Futuros
692 2041 895 2099 insuper
918 2040 1143 2086 eiusdem
1167 2040 1416 2099 prioratus
1441 2039 1833 2087 commonachos
1857 2042 1908 2087 et
1939 2040 2216 2087 confratres
2240 2056 2303 2088 ne
2326 2044 2376 2088 et

326 2104 421 2163 ipsi
446 2107 585 2149 extra
607 2104 718 2150 loca
741 2104 1023 2150 claustralia
1050 2103 1275 2150 eiusdem
1309 2104 1559 2163 prioratus
1593 2103 1768 2149 bibant
1801 2106 1886 2150 aut
1919 2105 2256 2161 commedant‚
2281 2106 2375 2151 sub

325 2182 455 2227 pena
478 2168 1019 2213 excommunicacionis
1043 2168 1094 2213 in
1119 2182 1220 2223 eOS,
1245 2168 1286 2213 si
1311 2167 1617 2213 contrarium
1639 2167 1864 2226 fecerint,
1890 2167 2203 2215 fulminande
2227 2169 2374 2215 simili

327 2230 480 2277 modo
507 2245 768 2276 monemus
793 2234 842 2277 et
865 2232 1167 2291 iniungimus
1191 2230 1395 2277 eisdem.

457 2307 584 2352 Item
606 2308 908 2366 iniungimus
931 2307 1074 2353 vobis
1097 2308 1252 2367 priori
1277 2309 1326 2353 et
1349 2307 1556 2353 sacriste
1579 2308 1663 2369 qui
1687 2321 1780 2366 pro
1803 2309 2032 2368 tempore
2054 2308 2261 2366 fueritis,
2282 2309 2375 2355 sub

327 2385 457 2430 pena
502 2371 1040 2417 excommunicacionis
1086 2372 1288 2417 maioris
1340 2370 1641 2431 supradicte,
1688 2373 1741 2416 vt
1784 2384 1992 2430 magnas
2036 2374 2207 2431 portas
2252 2371 2375 2419 dicti

327 2434 574 2493 prioratus
606 2435 868 2480 interiores
901 2449 961 2480 ac
996 2435 1122 2480 ostia
1156 2434 1369 2481 ecclesie
1401 2437 1566 2480 vestre
1601 2435 1946 2480 conuentualis
1979 2435 2065 2481 tali
2098 2435 2293 2482 cautela
2325 2438 2376 2483 et

328 2497 555 2543 custodia
579 2499 764 2543 seruari
799 2498 965 2543 clausa
995 2498 1203 2554 faciatis,
1230 2513 1293 2544 ne
1327 2498 1492 2560 alique
1525 2498 1759 2544 mulieres
1791 2501 1876 2544 aut
1910 2499 2159 2545 seculares
2193 2499 2276 2545 alii
2308 2499 2376 2546 ad

328 2560 627 2606 hauriendas
650 2575 803 2621 aquas
827 2561 891 2607 de
916 2561 1170 2607 lauatoriis
1193 2562 1272 2607 vel
1295 2562 1582 2623 aqueductu
1604 2561 1734 2607 infra
1769 2562 1959 2608 dictum
1994 2563 2268 2623 prioratum
2301 2564 2373 2609 in-

325 2623 626 2682 grediantur,
647 2625 726 2670 vel
743 2624 1024 2670 transitum⁸
1046 2640 1137 2685 per
1156 2625 1426 2671 claustrum
1442 2628 1664 2671 vestrum
1683 2625 1861 2671 diebus
1879 2627 2137 2688 quibusuis
2156 2626 2375 2673 habeant

327 2687 392 2732 ad
427 2687 689 2732 ecclesiam
723 2688 1097 2747 parochialem;
1135 2689 1225 2735 sed
1259 2703 1422 2750 neque
1456 2689 1705 2735 seculares
1738 2689 2081 2751 quoscunque⁹
2112 2692 2373 2752 quantum-

328 2765 541 2811 cumque
564 2750 803 2796 honestos
826 2751 892 2796 ad
915 2751 1253 2798 refeccionem
1287 2753 1506 2814 aliquam
1538 2752 1670 2798 infra
1703 2756 1846 2812 septa
1878 2756 2044 2800 vestra
2077 2753 2373 2810 claustralia,

321 2813 563 2873 presertim
585 2814 635 2859 in
655 2815 896 2873 refectorio
915 2815 986 2860 vel
1001 2816 1277 2877 infirmaria
1299 2816 1462 2861 diebus
1480 2816 1729 2862 dominicis
1751 2820 1793 2862 et
1803 2815 2027 2876 festiuis²⁰
2040 2816 2374 2879 quouismodo

326 2876 599 2922 admittatis
623 2892 710 2923 seu
734 2879 986 2938 recipiatis
1007 2896 1016 2936 3
1043 2879 1280 2941 quodque
1303 2880 1431 2925 ostia
1455 2880 1656 2926 claustri
1681 2880 1855 2926 debito
1878 2883 2107 2940 tempore
2130 2879 2374 2927 claudatis

329 2942 378 2984 et
401 2941 632 2999 aperiatis
656 2941 791 2987 iuxta
816 2943 1126 3001 exigenciam
1150 2943 1321 3002 regule
1344 2945 1520 2990 vestre.

457 3015 583 3061 Item
606 3017 906 3077 iniungimus
928 3019 1072 3064 vobis
1096 3020 1250 3078 priori
1274 3020 1358 3080 qui
1382 3034 1514 3065 nunc
1538 3020 1656 3065 estis
1680 3022 1730 3066 et
1752 3020 1837 3080 qui
1860 3020 2004 3066 vobis
2027 3019 2299 3066 succedent
2322 3020 2374 3066 in

427 3128 439 3151 1
467 3128 716 3178 Apparently
735 3129 884 3167 altered
903 3131 1003 3167 from
1023 3133 1233 3178 succedunt,
1254 3133 1323 3169 but
1343 3131 1411 3169 the
1429 3131 1642 3169 alteration
1659 3145 1740 3170 was
1758 3132 1941 3182 clumsily
1959 3133 2091 3172 made.

426 3178 442 3201 2
467 3181 518 3217 sic
536 3179 634 3228 quod
648 3180 701 3216 ad
715 3193 878 3217 vestram
896 3184 1056 3218 salutem
1075 3182 1351 3231 intelligantur
1370 3191 1410 3221 et
1437 3183 1516 3233 legi
1538 3183 1626 3232 (sic)
1643 3183 1887 3221 obseruentur
1904 3184 2118 3223 cancelled.

428 3229 444 3252 Β
471 3229 536 3266 All
556 3230 655 3267 from
672 3231 823 3278 fratres
841 3231 882 3268 in
903 3234 1069 3281 margin.

428 3280 443 3303 4
471 3280 567 3317 This
599 3294 765 3330 passage
797 3283 926 3321 added
958 3285 995 3321 in
1030 3284 1097 3322 the
1129 3285 1280 3333 margin
1314 3285 1394 3323 and
1426 3285 1543 3323 much
1574 3294 1678 3323 torn.
1736 3285 1853 3324 From
1881 3301 1903 3325 a
1930 3287 2042 3324 mark
2071 3288 2110 3324 in
2140 3287 2206 3326 the
2225 3295 2322 3332 text,
2342 3288 2374 3325 it

325 3343 491 3389 appears
519 3341 559 3368 to
587 3332 685 3370 have
714 3333 811 3371 been
840 3334 967 3373 added
995 3344 1035 3372 at
1063 3336 1131 3374 the
1159 3337 1235 3374 end
1264 3336 1306 3374 of
1330 3337 1398 3376 the
1425 3337 1663 3387 injuncti0n‚
1682 3338 1753 3374 but
1781 3339 1862 3376 this
1882 3352 2012 3378 seems
2032 3348 2074 3376 to
2094 3340 2142 3377 be
2161 3339 2211 3377 its
2230 3339 2375 3389 logical

328 3392 516 3431 posmon.

427 3433 442 3455 ⁵
470 3434 532 3470 Sic
551 3446 559 3469 :
590 3434 648 3470 for
667 3447 731 3471 nec
749 3435 1012 3474 introducatis.

428 3482 443 3506 ⁶
469 3483 533 3520 All
555 3484 652 3521 from
673 3485 839 3534 quodque
858 3488 987 3526 added
1006 3498 1045 3525 at
1066 3488 1149 3526 foot
1169 3489 1211 3526 of
1235 3502 1350 3540 page.

429 3533 445 3559 ⁷
470 3536 577 3583 ‹fflss
595 3536 808 3574 cancelled.

430 3584 445 3608 ⁸
470 3587 532 3623 vel
555 3587 770 3625 cancelled.

429 3636 444 3658 9
470 3632 777 3686 qualitercunque
803 3639 1015 3678 cancelled.

412 3686 442 3710 ¹⁰
467 3694 630 3738 tempore
647 3688 869 3728 diuinorum
890 3690 973 3728 also
991 3692 1203 3732 interlined
1223 3695 1299 3733 and
1318 3695 1533 3736 cancelled.

431 3777 444 3801 ¹
473 3777 547 3817 See
576 3778 810 3825 Visitations,
832 3789 860 3826 1,
881 3789 965 3831 244.
