2488 4296
384 389 499 429 121
840 369 1328 427 ALNWICK’S
1412 369 1974 430 VISITATIONS

383 527 651 575 canonicas
676 529 724 572 et
747 525 984 572 indeuote
1008 525 1217 571 multum
1240 540 1294 572 se
1318 525 1470 572 habet
1493 526 1625 572 circa
1648 526 1815 583 altare,
1843 543 1956 574 nam
1991 529 2199 575 mundat
2235 530 2429 578 stabula

387 595 435 638 et
460 605 559 636 non
583 590 697 636 lotis
721 590 948 635 manibus
971 588 1167 634 accedit
1189 589 1358 643 altare,
1384 589 1529 634 nullis
1553 590 1966 638 inclinacionibus
1990 592 2173 638 habitis
2202 597 2317 640 ante
2349 594 2428 640 vel

384 658 511 715 post.
582 653 872 699 Morabatur
897 652 1087 698 dudum
1109 652 1244 711 apud
1271 652 1646 711 Lughtburghe,
1671 654 1754 699 vbi
1779 669 1879 700 non
1904 654 1995 700 fuit
2020 655 2152 702 bone
2174 655 2318 703 fame.

515 717 641 763 Item
685 715 983 776 quandoque
1022 715 1263 761 moniales
1301 716 1539 762 adiuuant
1578 718 1826 764 seculares
1863 719 1914 764 in
1954 718 2238 765 horreando
2276 733 2430 780 grana

385 785 613 840 tempore
636 779 957 838 autumpnali.

513 842 703 904 (Nota).
774 841 1159 889 Memorandum
1183 842 1247 888 de
1272 843 1534 889 mencione
1557 841 1723 890 fienda
1745 845 1982 903 priorisse
2015 848 2064 891 et
2098 847 2329 892 omnibus
2365 847 2430 893 de

363 953 365 955 ,
387 922 487 953 non
510 905 825 952 admittendo
847 904 1058 965 aliquosl
1082 905 1518 965 perhendinantes

514 970 731 1016 Domina
756 969 1051 1015 Elizabetha
1073 969 1293 1030 Jurdone
1317 969 1439 1015 dicit
1462 969 1597 1030 quod
1620 971 1857 1030 priorissa
1879 972 2127 1018 subtrahit
2159 973 2224 1019 ab
2262 973 2431 1022 officio

385 1033 670 1080 infirmaria²
702 1047 792 1092 per
831 1033 950 1093 xxiij
990 1046 1148 1078 annos
1182 1047 1248 1078 xx
1284 1047 1321 1078 s.
1365 1032 1510 1079 datos
1547 1048 1638 1093 per
1676 1034 1926 1094 quendam
1965 1035 2330 1097 Knyvyngtone
2365 1036 2430 1084 de

386 1098 625 1144 comitatu
650 1097 896 1156 Derbeye.

515 1161 640 1207 Item
695 1159 832 1222 quod
888 1158 1106 1221 quedam
1160 1159 1468 1219 francigena⁸
1521 1159 1799 1207 confectrix
1854 1162 2017 1209 brasei
2079 1166 2167 1221 est,
2217 1163 2428 1211 multum

384 1224 649 1270 inhoneste
673 1224 1106 1269 conuersacionis⁴.

513 1287 641 1333 Item
675 1287 797 1333 dicit
830 1286 967 1348 quod
1001 1286 1249 1333 seculares
1283 1287 1557 1333 seruientes
1590 1289 1960 1348 paruipendunt
1994 1290 2269 1338 moniales:
2304 1293 2430 1351 petit

382 1354 435 1397 vt
489 1351 819 1397 cohibeantur
841 1368 850 1407 3
935 1353 985 1396 et
1039 1351 1301 1410 presertim
1357 1354 1471 1396 sunt
1526 1351 1738 1398 rebelles
1792 1353 1842 1399 in
1899 1353 2047 1399 dictis
2101 1355 2201 1400 suis
2255 1358 2429 1402 contra

385 1415 740 1477 coquinariam.

525 1479 632 1538 [Fo.
663 1476 796 1539 110.]
870 1478 1088 1523 Domina
1131 1477 1363 1538 Philippa
1396 1477 1546 1540 Jecke
1582 1479 1704 1525 dicit
1737 1480 1875 1541 quod
1909 1481 2076 1527 omnia
2113 1482 2428 1542 corriguntur

382 1545 524 1588 tanto
549 1543 714 1600 rigore
737 1546 787 1587 et
809 1544 947 1587 tanta
970 1541 1263 1587 turbacione
1286 1541 1423 1603 quod
1447 1542 1648 1588 exulant
1672 1544 1851 1589 caritas
1874 1546 1924 1590 et
1948 1544 2160 1591 dileccio
2183 1560 2212 1591 a
2235 1545 2404 1592 domo.
2449 1591 2457 1599 ,

513 1606 640 1651 Item
685 1604 808 1652 dicit
852 1605 989 1666 quod
1032 1603 1301 1650 infirmaria
1346 1608 1421 1650 est
1465 1605 1594 1652 adeo
1633 1608 1833 1653 ruinosa
1871 1608 2008 1669 quod
2046 1608 2287 1655 moniales
2325 1623 2427 1656 non

382 1671 593 1729 possunt
615 1670 796 1715 morari
821 1668 1011 1714 ibidem
1033 1668 1240 1730 absque⁵
1261 1668 1400 1715 tedio
1423 1683 1620 1728 magno.

512 1733 727 1779 Domi-na
781 1732 940 1778 Alicia
997 1732 1191 1792 Rowby
1247 1731 1370 1780 dicit
1423 1733 1561 1795 quod
1618 1733 1789 1780 Belers
1842 1736 2035 1781 tantum
2089 1734 2298 1782 confidit
2358 1735 2423 1783 de

384 1796 695 1843 discrecione
719 1811 806 1842 sua
829 1795 967 1858 quod
991 1800 1182 1842 ceteras
1206 1795 1433 1855 despicit.

511 1860 728 1906 Domina
749 1859 917 1919 Agnes
943 1859 1190 1906 Poutrelle
1214 1859 1336 1906 dicit
1358 1861 1525 1906 omnia
1549 1860 1692 1907 bene.

511 1923 728 1970 Domina
754 1923 966 1968 Isabella
988 1923 1206 1984 Jordane
1230 1923 1351 1968 dicit
1374 1924 1541 1969 omnia
1564 1924 1709 1971 bene.

511 1987 729 2033 Domina
774 1986 1069 2032 Elizabetha
1113 1985 1385 2032 Shirburne
1430 1987 1552 2033 dicit
1595 1988 1732 2049 quod
1789 1988 2037 2036 Poutrelle
2091 1991 2315 2037 nominat
2369 2005 2422 2037 se

383 2050 679 2110 discipulam
713 2050 961 2110 priorisse,
997 2065 1095 2111 que
1128 2050 1263 2112 quod
1297 2050 1510 2096 audierit
1532 2052 1610 2097 vel
1634 2052 1815 2098 viderit
1837 2053 1887 2097 in
1923 2053 2220 2098 monialibus
2254 2055 2421 2100 statim

382 2114 536 2161 refert
558 2114 808 2174 priorisse,
832 2128 930 2176 que
953 2127 1037 2160 eas
1059 2113 1295 2159 vilissime
1328 2113 1595 2174 redarguit.

513 2178 640 2224 Item
664 2178 787 2224 dicit
810 2177 946 2239 quod
973 2177 1185 2223 Isabella
1205 2176 1423 2239 Jordane
1446 2181 1521 2223 est
1544 2178 1768 2224 eiusdem
1792 2178 2119 2225 condicionis.

511 2241 729 2288 Domina
753 2241 1036 2300 Margareta
1061 2240 1246 2296 Belers,
1271 2241 1538 2287 celleraria.

511 2305 728 2351 Domina
752 2304 1036 2363 Margareta
1059 2304 1326 2361 Chesham,
1361 2304 1725 2362 subcelleraria,
1761 2305 1883 2352 dicit
1917 2306 2054 2368 quod
2087 2306 2152 2352 de
2182 2307 2420 2354 mandato

384 2368 619 2429 priorisse
642 2369 772 2414 iacet
794 2369 844 2423 in
867 2366 1137 2413 infirmaria
1169 2370 1219 2413 et
1252 2381 1353 2413 non
1384 2368 1520 2414 venit
1553 2368 1617 2414 de
1641 2372 1788 2415 nocte
1810 2369 1876 2415 ad
1897 2370 2163 2416 matutinas
2185 2373 2269 2415 aut
2300 2370 2422 2416 alias

383 2432 546 2487 horaS,
571 2435 622 2478 et
646 2447 704 2478 ea
726 2433 992 2477 occasione
1014 2431 1152 2492 quod
1176 2445 1275 2476 non
1300 2431 1488 2477 habent
1511 2431 1726 2493 aliquam
1746 2433 2053 2479 seruitricem
2070 2433 2120 2478 in
2138 2432 2420 2479 infirmaria.

513 2495 638 2542 Item
664 2494 787 2541 dicit
809 2494 946 2556 quod
969 2495 1244 2541 seruientes
1267 2493 1446 2540 domus
1469 2508 1570 2540 non
1593 2495 1738 2541 simul
1770 2495 1974 2541 veniunt
2007 2495 2098 2542 sed
2131 2496 2341 2555 sparsim
2374 2498 2425 2541 et

384 2561 682 2620 segregatim
715 2558 781 2604 ad
814 2557 1124 2606 refecciones
1156 2559 1207 2603 in
1247 2571 1482 2617 magnum
1527 2558 1705 2604 domus
1750 2558 2084 2619 dispendium,
2129 2560 2245 2621 quia
2288 2558 2425 2621 quod

384 2627 596 2686 quatuor
619 2621 867 2669 sufficeret
888 2622 971 2667 vni
995 2622 1074 2668 vel
1097 2621 1294 2668 duobus
1316 2622 1600 2682 apponitur.

512 2687 730 2733 Domina
756 2686 1039 2745 Margareta
1062 2685 1242 2732 Crosse
1265 2685 1387 2731 dicit
1411 2686 1547 2747 quod
1571 2686 1739 2732 omnia
1762 2686 1905 2734 bene.

512 2751 729 2796 Domina
774 2750 1057 2810 Margareta
1101 2749 1344 2795 Gretham
1389 2748 1541 2796 refert
1596 2764 1650 2796 se
1693 2750 1758 2796 ad
1803 2750 1939 2796 dicta
1993 2750 2323 2811 suppriorisse
2377 2752 2428 2796 et

384 2813 590 2860 aliarum
615 2828 813 2860 suarum
837 2814 1137 2875 sequacium.

514 2878 731 2924 Domina
753 2876 982 2939 Johanna
1004 2877 1256 2937 Germeyn
1281 2876 1404 2923 dicit
1426 2877 1594 2923 omnia
1617 2877 1760 2924 bene.

513 2941 730 2987 Domina
763 2940 1065 2987 Constancia
1090 2939 1335 2987 Londone
1369 2941 1491 2987 dicit
1514 2941 1651 3002 quod
1674 2940 1775 2987 nou
1800 2944 1874 2988 est
1897 2942 1992 2987 sibi
2015 2940 2324 2988 satisfactum
2361 2940 2426 2986 de

385 3007 595 3051 vestura.

525 3132 726 3191 -l-Quod
771 3132 1008 3192 priorissa
1063 3134 1139 3178 est
1193 3132 1379 3177 inutilis
1434 3131 1620 3187 domui,
1667 3146 1782 3177 nam
1827 3135 2032 3193 propter
2075 3132 2431 3192 impotenciam

387 3195 642 3242 abdicauit
665 3196 760 3241 sibi
785 3196 1007 3254 regimen
1030 3195 1380 3255 temporalium
1405 3210 1497 3241 nec
1520 3195 1735 3241 intendit
1759 3196 2000 3254 religioni.

490 3290 503 3313 ²
531 3290 610 3329 Sic.

488 3340 505 3364 2
531 3342 616 3379 Sic:
646 3341 706 3379 for
733 3343 962 3389 infirmarie.

488 3392 504 3416 ⁸
529 3398 583 3430 est
600 3392 814 3430 cancelled.

487 3443 504 3467 ⁴¹
529 3449 566 3481 et
582 3443 680 3493 quod
690 3443 908 3481 cancelled.

490 3494 506 3518 ⁵
531 3497 634 3533 omni
649 3494 865 3532 cancelled.

492 3565 505 3590 ¹
535 3564 731 3614 Probably
751 3564 983 3614 Knyveton.
1025 3565 1085 3603 To
1102 3566 1171 3604 the
1190 3567 1327 3616 family
1346 3567 1478 3605 osthis
1491 3580 1616 3612 name,
1631 3567 1757 3605 which
1773 3568 1935 3606 derived
1949 3569 1999 3606 its
2011 3567 2140 3617 origin
2156 3569 2254 3606 from
2284 3567 2434 3605 Knive-

385 3627 454 3656 ton
474 3629 569 3655 near
583 3616 833 3660 Ashbourne,
848 3616 1045 3666 belonged
1062 3617 1200 3668 Henry
1218 3618 1446 3669 Knyveton,
1466 3627 1591 3657 rector
1606 3620 1648 3656 of
1665 3618 1702 3656 N
1708 3619 1866 3669 orbury,
1884 3619 2140 3670 Derbyshire‚
2158 3619 2244 3656 who
2260 3618 2434 3656 founded

389 3683 412 3707 a
429 3669 597 3718 ebantry
615 3667 654 3705 in
676 3667 913 3705 Ashbourne
934 3668 1080 3705 c‘nurch
1101 3669 1140 3706 in
1161 3679 1256 3715 1392
1273 3670 1350 3707 and
1367 3670 1436 3707 has
1453 3672 1548 3708 been
1562 3670 1738 3707 credited
1754 3683 1804 3708 on
1818 3670 2056 3709 insufficiem
2070 3669 2248 3719 grounds
2259 3669 2354 3707 with
2369 3670 2435 3707 the

391 3719 575 3768 building
593 3718 636 3755 of
652 3719 720 3756 the
740 3718 933 3755 beautiful
951 3718 1116 3757 chancel
1136 3731 1175 3757 at
1195 3719 1396 3770 Norbury‚
1415 3721 1540 3758 which
1562 3721 1594 3758 is
1612 3720 1788 3771 actually
1807 3721 1948 3759 earlier
1966 3722 2059 3760 than
2078 3722 2140 3759 his
2158 3721 2435 3770 incumbency.

391 3770 480 3809 The
501 3769 640 3807 Easter
657 3768 863 3818 sepulchre
884 3770 994 3807 romb
1013 3771 1049 3807 in
1071 3770 1137 3808 the
1156 3771 1317 3809 chancel
1338 3783 1378 3809 at
1397 3772 1632 3810 Ashbourne
1649 3773 1681 3811 is
1700 3772 1780 3811 said
1803 3784 1842 3811 to
1862 3773 1907 3810 be
1926 3774 2014 3811 that
2032 3772 2073 3812 of
2100 3772 2248 3812 Robert
2270 3771 2434 3824 Knyve·

391 3832 474 3868 ton,
495 3821 532 3858 d.
559 3828 670 3868 1471.
725 3820 800 3858 See
819 3819 1020 3858 Arc-bacol.
1044 3821 1211 3868 sournal
1223 3830 1313 3868 xxl,
1333 3824 1417 3870 384,
1438 3824 1524 3870 387.
