2476 4412
334 520 382 577 5
793 497 1280 558 ALNWICK’S
1364 492 1931 554 VISITATIONS

467 658 563 718 (Ad
591 657 683 718 18.)
731 658 881 704 Soror
904 656 1211 702 Thomasina
1233 654 1415 700 Talbot
1443 653 1565 699 dicit
1598 652 1736 714 quod
1770 653 2007 712 priorissa
2039 667 2140 699 non
2175 652 2380 700 exhibet

336 723 416 768 isti
451 722 722 781 deponenti
756 723 1048 780 apparatum
1081 719 1147 764 ad
1177 718 1361 763 lectum
1384 718 1434 762 in
1457 719 1651 762 tantum
1673 716 1809 775 quod
1832 716 1962 762 iacet
1984 717 2034 761 in
2059 718 2308 774 stramine,
2334 719 2385 764 et

339 799 452 830 cum
489 786 719 830 dominus
758 783 1082 828 mandauerat
1120 782 1200 827 isti
1246 781 1520 840 deponenti
1557 780 1692 839 quod
1715 780 1902 825 iaceret
1924 780 1975 824 in
2000 779 2308 837 dormitorio,
2333 783 2384 827 et

335 848 430 894 ista
453 848 710 907 deponens
744 845 914 906 peciitl
938 859 1131 905 pannos
1165 858 1256 904 pro
1279 845 1411 889 lecto
1435 859 1464 889 a
1486 843 1736 902 priorissa,
1763 843 1888 888 dixit
1911 843 2264 902 exprobrando
2289 843 2383 890 sibi

341 911 462 970 ‘Qui
485 911 768 957 licenciauit
790 913 841 955 te
863 910 1026 954 iacere
1050 909 1099 953 in
1125 908 1419 953 dormitorio
1444 906 1679 952 exhibeat
1701 907 1793 951 tibi
1817 909 1979 952 vestes
1997 906 2021 951 '.

467 973 564 1034 (Ad
604 975 701 1032 22.)
761 974 887 1018 Item
931 986 1045 1018 cum
1090 971 1237 1016 amici
1275 970 1564 1016 monialium
1606 969 1966 1015 declinauerint
2005 969 2071 1016 ad
2109 970 2384 1030 prioratum

335 1037 486 1082 visuri
522 1037 775 1091 moniales,
814 1036 1050 1095 priorissa
1094 1034 1262 1080 reddit
1298 1048 1351 1080 se
1389 1033 1640 1079 difficilem
1688 1033 1739 1078 in
1783 1033 2098 1079 licenciando
2143 1033 2386 1080 moniales

337 1100 472 1161 loqui
497 1115 610 1146 cum
632 1100 805 1145 amicis
829 1100 942 1144 suis.

465 1162 564 1224 (Ad
613 1164 706 1222 14.)
770 1163 897 1208 Item
946 1162 1183 1221 priorissa
1232 1161 1386 1206 habet
1431 1161 1481 1205 in
1533 1160 1663 1206 collo
1714 1175 1864 1205 vnum
1916 1159 2121 1219 longum
2169 1159 2387 1219 ligamen

336 1227 530 1285 anglice
563 1226 670 1272 lace
710 1226 774 1271 de
809 1227 973 1271 cerico
1008 1225 1234 1284 pendens
1267 1239 1422 1285 vsque
1456 1224 1662 1269 inferius
1702 1226 1909 1282 pectore
1950 1226 1998 1269 et
2037 1224 2088 1268 in
2130 1237 2190 1269 eo
2234 1237 2385 1268 vnum

335 1289 554 1335 anulum²
575 1304 779 1335 aureum
803 1304 916 1335 cum
938 1290 953 1348 j
981 1288 1284 1334 diamaunde
1306 1305 1314 1344 ;
1351 1291 1401 1333 et
1425 1287 1578 1333 habet
1601 1288 1652 1332 in
1676 1287 1905 1333 custodia
1928 1301 2016 1332 sua
2039 1288 2206 1332 omnia
2227 1287 2385 1332 muni-

337 1355 505 1398 menta
541 1356 589 1398 et
625 1352 839 1411 sigillum
875 1366 1142 1398 commune
1179 1351 1369 1397 domus.
1453 1351 1656 1397 Fatetur
1690 1365 1832 1396 vsum
1870 1351 2156 1396 huiusmodi
2191 1350 2302 1396 lace
2337 1352 2387 1396 et

336 1415 482 1472 anuli,
506 1418 674 1461 tamen
698 1416 882 1461 iocose.

463 1478 537 1525 26.
587 1479 714 1525 Item
747 1494 860 1524 cum
895 1479 1192 1524 multociens
1225 1479 1462 1537 priorissa
1495 1478 1687 1525 venerit
1720 1477 1785 1524 ad
1819 1477 2029 1524 chorum
2061 1476 2215 1524 finitis
2247 1475 2386 1523 horis

335 1543 603 1599 canonicis,
628 1542 748 1588 facit
772 1543 1012 1589 moniales
1036 1542 1185 1588 horas
1208 1542 1318 1587 illas
1344 1542 1637 1601 reincipere.

463 1604 563 1667 (Ad
610 1605 704 1667 18.)
774 1607 875 1652 Ista
919 1606 1179 1666 deponens
1224 1605 1411 1651 nullam
1455 1605 1610 1652 habet
1652 1604 1891 1652 tunicam⁸
1933 1604 1999 1651 ad
2053 1619 2196 1651 vsum
2239 1618 2383 1651 suum

336 1669 651 1729 assignatam.

464 1753 615 1799 Soror
650 1753 818 1813 Agnes
857 1752 1090 1814 Dychere
1126 1755 1252 1813 petit
1287 1753 1424 1815 quod
1462 1753 1767 1799 ministretur
1806 1752 1902 1798 sibi
1942 1753 2287 1812 competenter
2331 1751 2382 1797 in

335 1819 533 1862 vestura
555 1816 620 1862 ad
644 1817 827 1863 lectum
850 1821 900 1862 et
923 1831 1117 1876 corpus,
1137 1820 1190 1863 vt
1211 1820 1406 1876 tegatur
1425 1832 1454 1862 a
1476 1816 1675 1876 frigore,
1702 1819 1752 1862 et
1776 1816 1936 1863 eciam
1958 1817 2009 1862 in
2033 1815 2313 1872 esculentis,
2332 1818 2386 1861 vt

335 1879 478 1926 fortis
518 1880 581 1925 sit
618 1881 684 1926 ad
720 1880 1035 1926 subeundum
1074 1881 1273 1940 pondus
1313 1881 1566 1939 religionis
1606 1883 1655 1926 et
1694 1880 1851 1925 diuini
1896 1879 2110 1940 seruicij‚
2152 1893 2250 1941 que
2287 1879 2384 1925 sibi

335 1942 591 2004 hucusque
617 1959 718 1990 non
740 1943 938 1990 fuerant
961 1945 1033 1990 sic
1056 1944 1346 1990 ministrata.

465 2007 567 2052 Ista
603 2011 651 2053 et
687 2007 783 2054 alie
819 2008 1024 2053 iuuenes
1061 2022 1162 2054 non
1199 2007 1388 2054 habent
1424 2006 1818 2054 informati-icem
1854 2006 1905 2053 in
1942 2006 2089 2064 lectu,
2115 2008 2265 2052 cantu
2299 2008 2384 2052 aut

334 2069 588 2129 religione.

464 2134 591 2180 Item
615 2134 738 2181 dicit
761 2134 896 2196 quod
919 2135 1157 2194 priorissa
1178 2134 1300 2182 facit
1323 2134 1564 2181 moniales
1596 2134 1842 2181 excedere
1864 2135 1916 2180 in
1941 2133 2192 2180 cantando
2216 2133 2384 2193 plures

334 2197 552 2256 psalmos
574 2198 701 2244 vltra
723 2198 930 2243 modum
954 2202 1248 2246 consuetum
1271 2200 1323 2245 in
1346 2198 1473 2245 loco.

461 2279 611 2326 Soror
636 2281 920 2340 Margareta
943 2280 1150 2341 Smythe
1175 2281 1298 2327 dicit
1322 2281 1386 2327 de
1411 2295 1510 2328 non
1535 2281 1874 2341 reparacione,
1896 2280 1960 2327 de
1979 2281 2128 2327 cartis
2146 2282 2197 2326 et
2219 2280 2383 2340 sigillo

333 2344 584 2389 communi
610 2344 802 2401 domus,
829 2347 921 2390 etc.

461 2407 587 2453 Item
623 2407 745 2453 dicit
780 2408 917 2470 quod
953 2408 1191 2468 priorissa
1228 2411 1304 2454 est
1339 2409 1550 2455 multum
1586 2409 1811 2467 rigorosa
1848 2410 1898 2454 et
1935 2407 2083 2453 nimis
2107 2407 2308 2454 excedit
2331 2407 2383 2453 in

332 2471 750 2517 correccionibus.

393 2545 395 2547 ·
461 2534 588 2580 Item
623 2535 860 2594 priorissa
896 2550 997 2581 non
1034 2536 1281 2582 ministrat
1316 2536 1398 2583 isti
1434 2536 1708 2596 deponenti
1743 2535 2090 2594 competenter
2114 2537 2384 2595 apparatus

333 2609 424 2655 pro
450 2596 593 2644 lecto.

462 2661 589 2707 Item
612 2663 738 2722 petit
761 2662 1155 2710 informatricem
1178 2665 1227 2710 in
1252 2665 1454 2722 lectura,
1480 2666 1630 2710 cantu
1654 2665 1703 2710 et
1727 2662 1982 2722 religione.

460 2764 650 2822 Quibus
685 2767 991 2823 examinatis,
1027 2767 1223 2813 omissis
1257 2768 1367 2814 aliis
1400 2767 1573 2823 tribus,
1607 2765 1843 2812 videlicet
1877 2764 2132 2811 sororibus
2170 2764 2384 2811 Isabella

335 2826 484 2882 Coke,
514 2828 807 2875 Elizabetha
833 2830 1077 2876 Londone
1101 2834 1150 2877 et
1177 2831 1335 2878 Elena
1362 2831 1641 2886 Moretone,
1667 2832 1873 2889 propter
1898 2829 2043 2875 etatis
2067 2829 2383 2874 teneritatem

335 2892 383 2934 et
434 2890 758 2938 discrecionis
808 2894 1191 2953 simplicitatem,
1238 2910 1353 2941 cum
1397 2895 1524 2940 vltra
1568 2894 1820 2939 tresdecim
1878 2907 2037 2939 annos
2092 2893 2236 2938 etatis
2281 2906 2382 2938 non

333 2955 653 3000 transcendat
677 2956 841 3002 senior
866 2972 1047 3014 earum,
1075 2958 1307 3004 dominus
1331 2958 1640 3004 continuauit
1663 2957 2009 3003 visitacionem
2041 2971 2181 3002 suam
2215 2955 2380 3001 huius-

333 3016 471 3062 modi
507 3021 555 3063 et
589 3020 855 3078 negocium
890 3022 1114 3067 eiusdem
1148 3023 1198 3066 in
1233 3025 1365 3068 statu
1398 3037 1497 3083 quo
1533 3025 1653 3067 tunc
1688 3024 1793 3067 erat
1827 3035 1982 3081 Vsque
2005 3020 2056 3065 in
2082 3022 2131 3065 et
2154 3018 2220 3065 ad
2245 3019 2381 3064 diem

336 3079 477 3125 Lune
510 3083 791 3139 proximum
825 3087 939 3130 ante
973 3084 1156 3130 festum
1192 3086 1427 3132 Omnium
1464 3086 1773 3140 Sanctorum,
1799 3083 2035 3130 videlicet
2058 3086 2174 3142 post
2195 3082 2381 3128 festum

332 3145 671 3201 apostolorum
695 3146 909 3192 Simonis
933 3151 982 3193 et
1016 3149 1142 3209 Jude
1177 3150 1404 3208 proxime
1438 3149 1693 3205 futurum3
1730 3148 1989 3207 assignans
2023 3149 2074 3192 et
2106 3146 2380 3205 assignauit

333 3206 548 3276 eundem
573 3209 706 3254 diem
734 3210 872 3255 Lune
897 3211 1044 3257 dictis
1067 3213 1303 3271 priorisse
1327 3217 1377 3258 et
1408 3212 1709 3259 monialibus
1733 3212 1784 3257 in
1809 3210 1987 3257 eadem
2011 3209 2165 3256 domo
2189 3210 2379 3268 capitu-

334 3267 423 3313 lari
449 3284 619 3317 coram
643 3287 696 3317 se
719 3276 802 3318 aut
826 3275 1168 3320 commissario
1192 3291 1281 3322 suo
1305 3276 1370 3322 ad
1394 3275 1775 3336 procedendum
1800 3277 1849 3320 et
1872 3273 2082 3334 procedi
2105 3272 2380 3319 videndum

333 3331 536 3402 vlterius
568 3335 619 3380 in
654 3335 939 3383 huiusmodi
971 3339 1279 3385 visitacionis
1313 3341 1526 3399 negocio
1549 3340 1686 3385 iuxta
1708 3339 1887 3384 merita
1910 3337 2197 3383 huiusmodi
2221 3337 2380 3398 inqui-

334 3396 534 3441 81cionis
573 3412 659 3443 sue
698 3401 1040 3458 preparatorie
1079 3406 1227 3461 prout
1268 3404 1388 3449 iuris
1428 3406 1477 3449 et
1522 3403 1751 3459 racionis,
1798 3401 2116 3461 presentibus
2162 3400 2381 3461 Depyng

334 3459 631 3530 cancellario
666 3465 715 3507 et
748 3477 828 3508 me
863 3463 1113 3511 Colstone.
1204 3467 1396 3525 Quibus
1429 3466 1634 3528 quidem
1669 3466 1751 3512 die
1788 3466 1943 3521 Lune,
1968 3464 2108 3510 xxix⁰
2146 3463 2383 3510 videlicet

334 3519 454 3567 d1et1
473 3524 657 3570 mensis
677 3525 923 3584 OctobriS,
943 3542 1076 3574 anno
1094 3532 1144 3575 et
1163 3529 1316 3576 domo
1335 3530 1595 3590 capitulari
1618 3529 1873 3589 predictis,
1892 3528 2055 3574 dictus
2074 3526 2381 3574 reuerendus

435 3632 446 3656 ¹
476 3635 545 3671 lect
569 3610 784 3676 cancelled.

432 3682 450 3706 ²
474 3698 522 3721 ar
547 3688 766 3726 cancelled.

432 3735 448 3758 ⁸
474 3736 518 3773 de
544 3738 759 3777 caneelled.

431 3824 444 3849 ²
472 3825 599 3864 When
619 3829 698 3866 this
716 3829 830 3867 order
848 3843 926 3868 was
943 3832 1062 3880 given
1092 3834 1189 3871 does
1217 3844 1286 3872 not
1314 3847 1475 3884 appear.
1548 3834 1747 3884 Probably
1774 3835 1889 3872 sister
1914 3834 2160 3872 Thomasine
2187 3833 2266 3871 had
2293 3845 2378 3883 pre·

330 3874 487 3934 viously
516 3878 612 3916 been
647 3879 792 3929 lodged
820 3883 1044 3932 separately
1071 3885 1164 3922 with
1194 3886 1262 3923 the
1291 3886 1405 3924 other
1420 3898 1604 3937 younger
1622 3899 1744 3932 uuus,
1763 3886 1841 3924 and
1860 3886 1928 3924 the
1956 3885 2128 3937 prioress
2147 3885 2227 3923 and
2245 3883 2377 3923 elders

329 3926 392 3976 ob]
401 3928 511 3966 ected
531 3938 571 3967 to
590 3928 657 3968 the
676 3931 874 3981 crowding
893 3933 935 3971 of
959 3933 1027 3972 the
1045 3935 1192 3976 doner,
