<?xml version="1.0" encoding="UTF-8"?>
<!DOCTYPE html PUBLIC "-//W3C//DTD XHTML 1.0 Transitional//EN"
    "http://www.w3.org/TR/xhtml1/DTD/xhtml1-transitional.dtd">
<html xmlns="http://www.w3.org/1999/xhtml" xml:lang="en" lang="en">
 <head>
  <title>
</title>
<meta http-equiv="Content-Type" content="text/html;charset=utf-8" />
  <meta name='ocr-system' content='tesseract 3.04.00' />
  <meta name='ocr-capabilities' content='ocr_page ocr_carea ocr_par ocr_line ocrx_word'/>
</head>
<body>
  <div class='ocr_page' id='page_1' title='image "./p1visitationsof02cathuoft_0216.png"; bbox 0 0 2488 4296; ppageno 0'>
   <div class='ocr_carea' id='block_1_1' title="bbox 306 376 1894 459">
    <p class='ocr_par' dir='ltr' id='par_1_1' title="bbox 306 376 1894 459">
     <span class='ocr_line' id='line_1_1' title="bbox 306 376 1894 459; baseline -0.004 -17"><span class='ocrx_word' id='word_1_1' title='bbox 306 400 380 459; x_wconf 79' lang='lat'>71</span> <span class='ocrx_word' id='word_1_2' title='bbox 757 379 1245 439; x_wconf 89' lang='lat' dir='ltr'><strong>ALNWICK&#39;S</strong></span> <span class='ocrx_word' id='word_1_3' title='bbox 1328 376 1894 436; x_wconf 90' lang='lat' dir='ltr'>VISITATIONS</span> 
     </span>
    </p>
   </div>
   <div class='ocr_carea' id='block_1_2' title="bbox 287 534 2344 3387">
    <p class='ocr_par' dir='ltr' id='par_1_2' title="bbox 301 534 2344 663">
     <span class='ocr_line' id='line_1_2' title="bbox 301 534 2344 598; baseline -0.002 -9"><span class='ocrx_word' id='word_1_4' title='bbox 301 542 519 589; x_wconf 88' lang='lat' dir='ltr'>dimittat</span> <span class='ocrx_word' id='word_1_5' title='bbox 541 540 797 588; x_wconf 89' lang='lat' dir='ltr'>camisiam</span> <span class='ocrx_word' id='word_1_6' title='bbox 820 538 1052 584; x_wconf 88' lang='lat' dir='ltr'>omnibus</span> <span class='ocrx_word' id='word_1_7' title='bbox 1075 536 1256 596; x_wconf 88' lang='lat' dir='ltr'>vigiliis</span> <span class='ocrx_word' id='word_1_8' title='bbox 1278 535 1425 581; x_wconf 87' lang='lat' dir='ltr'>beate</span> <span class='ocrx_word' id='word_1_9' title='bbox 1449 534 1610 580; x_wconf 89' lang='lat' dir='ltr'>Marie</span> <span class='ocrx_word' id='word_1_10' title='bbox 1632 548 1788 595; x_wconf 90' lang='lat' dir='ltr'>vsque</span> <span class='ocrx_word' id='word_1_11' title='bbox 1822 534 2006 582; x_wconf 81' lang='lat' dir='ltr'>festum</span> <span class='ocrx_word' id='word_1_12' title='bbox 2041 536 2304 585; x_wconf 86' lang='lat' dir='ltr'>Michaelis</span> <span class='ocrx_word' id='word_1_13' title='bbox 2334 556 2344 598; x_wconf 89' lang='lat'><strong>;</strong></span> 
     </span>
     <span class='ocr_line' id='line_1_3' title="bbox 301 598 1544 663; baseline -0.008 -10"><span class='ocrx_word' id='word_1_14' title='bbox 301 610 352 653; x_wconf 88' lang='lat' dir='ltr'>et</span> <span class='ocrx_word' id='word_1_15' title='bbox 373 605 619 652; x_wconf 87' lang='lat' dir='ltr'>abiurauit</span> <span class='ocrx_word' id='word_1_16' title='bbox 641 605 902 663; x_wconf 91' lang='lat' dir='ltr'>peccatum</span> <span class='ocrx_word' id='word_1_17' title='bbox 926 603 976 646; x_wconf 91' lang='lat' dir='ltr'>et</span> <span class='ocrx_word' id='word_1_18' title='bbox 999 600 1286 645; x_wconf 88' lang='lat' dir='ltr'>comitiuam</span> <span class='ocrx_word' id='word_1_19' title='bbox 1310 598 1544 644; x_wconf 89' lang='lat' dir='ltr'>mulieris.</span> 
     </span>
    </p>

    <p class='ocr_par' dir='ltr' id='par_1_3' title="bbox 300 662 2344 860">
     <span class='ocr_line' id='line_1_4' title="bbox 433 662 2344 730; baseline -0.001 -16"><span class='ocrx_word' id='word_1_20' title='bbox 433 668 549 730; x_wconf 85' lang='lat' dir='ltr'>[Fo.</span> <span class='ocrx_word' id='word_1_21' title='bbox 593 665 706 726; x_wconf 89' lang='lat'>112]</span> <span class='ocrx_word' id='word_1_22' title='bbox 767 665 938 710; x_wconf 90' lang='lat' dir='ltr'>Abbas</span> <span class='ocrx_word' id='word_1_23' title='bbox 973 663 1157 708; x_wconf 81' lang='lat' dir='ltr'>fatetur</span> <span class='ocrx_word' id='word_1_24' title='bbox 1193 677 1246 707; x_wconf 92' lang='lat' dir='ltr'>se</span> <span class='ocrx_word' id='word_1_25' title='bbox 1282 662 1646 720; x_wconf 83' lang='lat' dir='ltr'>impignorasse</span> <span class='ocrx_word' id='word_1_26' title='bbox 1683 676 1835 706; x_wconf 90' lang='lat' dir='ltr'>vnum</span> <span class='ocrx_word' id='word_1_27' title='bbox 1872 664 2242 722; x_wconf 79' lang='lat' dir='ltr'>coopertorium</span> <span class='ocrx_word' id='word_1_28' title='bbox 2279 665 2344 712; x_wconf 93' lang='lat' dir='ltr'>de</span> 
     </span>
     <span class='ocr_line' id='line_1_5' title="bbox 301 723 2344 792; baseline -0.001 -14"><span class='ocrx_word' id='word_1_29' title='bbox 301 746 427 792; x_wconf 91' lang='lat' dir='ltr'>puro</span> <span class='ocrx_word' id='word_1_30' title='bbox 450 745 570 777; x_wconf 90' lang='lat' dir='ltr'>auro</span> <span class='ocrx_word' id='word_1_31' title='bbox 593 743 684 789; x_wconf 89' lang='lat' dir='ltr'>pro</span> <span class='ocrx_word' id='word_1_32' title='bbox 708 727 860 787; x_wconf 86' lang='lat' dir='ltr'>cipho</span> <span class='ocrx_word' id='word_1_33' title='bbox 895 730 944 773; x_wconf 92' lang='lat' dir='ltr'>et</span> <span class='ocrx_word' id='word_1_34' title='bbox 978 726 1120 786; x_wconf 90' lang='lat' dir='ltr'>plura</span> <span class='ocrx_word' id='word_1_35' title='bbox 1152 725 1249 771; x_wconf 90' lang='lat' dir='ltr'>alia</span> <span class='ocrx_word' id='word_1_36' title='bbox 1281 724 1459 770; x_wconf 89' lang='lat' dir='ltr'>iocalia</span> <span class='ocrx_word' id='word_1_37' title='bbox 1494 723 1687 781; x_wconf 91' lang='lat' dir='ltr'>domus,</span> <span class='ocrx_word' id='word_1_38' title='bbox 1712 729 1967 772; x_wconf 91' lang='lat' dir='ltr'>conuentu</span> <span class='ocrx_word' id='word_1_39' title='bbox 1999 727 2260 786; x_wconf 81' lang='lat' dir='ltr'>ignorante</span> <span class='ocrx_word' id='word_1_40' title='bbox 2293 731 2344 776; x_wconf 90' lang='lat' dir='ltr'>et</span> 
     </span>
     <span class='ocr_line' id='line_1_6' title="bbox 300 795 1839 860; baseline -0.011 -19"><span class='ocrx_word' id='word_1_41' title='bbox 300 795 595 856; x_wconf 88' lang='lat' dir='ltr'>irrequisito.</span> <span class='ocrx_word' id='word_1_42' title='bbox 1425 851 1434 859; x_wconf 27' lang='lat'><strong>⁴</strong></span> <span class='ocrx_word' id='word_1_43' title='bbox 1831 852 1839 860; x_wconf 43' lang='lat'><strong>·</strong></span> 
     </span>
    </p>

    <p class='ocr_par' dir='ltr' id='par_1_4' title="bbox 297 851 2343 1169">
     <span class='ocr_line' id='line_1_7' title="bbox 430 851 2342 912; baseline -0.001 -9"><span class='ocrx_word' id='word_1_44' title='bbox 430 857 672 903; x_wconf 84' lang='lat' dir='ltr'>Dominus</span> <span class='ocrx_word' id='word_1_45' title='bbox 718 853 1026 900; x_wconf 89' lang='lat' dir='ltr'>continuauit</span> <span class='ocrx_word' id='word_1_46' title='bbox 1070 851 1201 898; x_wconf 90' lang='lat' dir='ltr'>hanc</span> <span class='ocrx_word' id='word_1_47' title='bbox 1244 852 1589 897; x_wconf 82' lang='lat' dir='ltr'>visitacionem</span> <span class='ocrx_word' id='word_1_48' title='bbox 1633 864 1788 912; x_wconf 90' lang='lat' dir='ltr'>vsque</span> <span class='ocrx_word' id='word_1_49' title='bbox 1827 867 1878 896; x_wconf 80' lang='lat' dir='ltr'>in</span> <span class='ocrx_word' id='word_1_50' title='bbox 1917 854 2188 900; x_wconf 85' lang='lat' dir='ltr'>crastinum</span> <span class='ocrx_word' id='word_1_51' title='bbox 2227 854 2342 902; x_wconf 79' lang='lat' dir='ltr'>festi</span> 
     </span>
     <span class='ocr_line' id='line_1_8' title="bbox 301 913 2343 981; baseline -0.001 -13"><span class='ocrx_word' id='word_1_52' title='bbox 301 922 459 968; x_wconf 89' lang='lat' dir='ltr'>sancti</span> <span class='ocrx_word' id='word_1_53' title='bbox 487 921 621 965; x_wconf 90' lang='lat' dir='ltr'>Luce</span> <span class='ocrx_word' id='word_1_54' title='bbox 646 917 950 975; x_wconf 84' lang='lat' dir='ltr'>euangeliste</span> <span class='ocrx_word' id='word_1_55' title='bbox 973 917 1201 975; x_wconf 81' lang='lat' dir='ltr'>proxime</span> <span class='ocrx_word' id='word_1_56' title='bbox 1223 914 1443 960; x_wconf 74' lang='lat' dir='ltr'>futurum</span> <span class='ocrx_word' id='word_1_57' title='bbox 1467 916 1516 960; x_wconf 90' lang='lat' dir='ltr'>et</span> <span class='ocrx_word' id='word_1_58' title='bbox 1539 913 1606 959; x_wconf 90' lang='lat' dir='ltr'>ad</span> <span class='ocrx_word' id='word_1_59' title='bbox 1628 914 1904 975; x_wconf 82' lang='lat' dir='ltr'>quemlibet</span> <span class='ocrx_word' id='word_1_60' title='bbox 1937 916 2072 962; x_wconf 91' lang='lat' dir='ltr'>diem</span> <span class='ocrx_word' id='word_1_61' title='bbox 2096 918 2220 964; x_wconf 89' lang='lat' dir='ltr'>citra</span> <span class='ocrx_word' id='word_1_62' title='bbox 2242 933 2343 981; x_wconf 94' lang='lat' dir='ltr'>quo</span> 
     </span>
     <span class='ocr_line' id='line_1_9' title="bbox 301 977 2343 1039; baseline -0.001 -9"><span class='ocrx_word' id='word_1_63' title='bbox 301 985 532 1030; x_wconf 87' lang='lat' dir='ltr'>dominus</span> <span class='ocrx_word' id='word_1_64' title='bbox 555 982 805 1028; x_wconf 88' lang='lat' dir='ltr'>vacauerit</span> <span class='ocrx_word' id='word_1_65' title='bbox 828 979 1088 1025; x_wconf 87' lang='lat' dir='ltr'>intendere</span> <span class='ocrx_word' id='word_1_66' title='bbox 1114 977 1353 1024; x_wconf 91' lang='lat' dir='ltr'>vlteriori1</span> <span class='ocrx_word' id='word_1_67' title='bbox 1376 978 1632 1037; x_wconf 89' lang='lat' dir='ltr'>processui</span> <span class='ocrx_word' id='word_1_68' title='bbox 1654 978 1706 1022; x_wconf 93' lang='lat' dir='ltr'>in</span> <span class='ocrx_word' id='word_1_69' title='bbox 1730 978 1909 1025; x_wconf 89' lang='lat' dir='ltr'>eadem</span> <span class='ocrx_word' id='word_1_70' title='bbox 1931 980 2224 1028; x_wconf 90' lang='lat' dir='ltr'>visitacione</span> <span class='ocrx_word' id='word_1_71' title='bbox 2248 999 2257 1039; x_wconf 84' lang='lat'>3</span> <span class='ocrx_word' id='word_1_72' title='bbox 2293 985 2343 1028; x_wconf 93' lang='lat' dir='ltr'>et</span> 
     </span>
     <span class='ocr_line' id='line_1_10' title="bbox 297 1040 2340 1106; baseline -0 -13"><span class='ocrx_word' id='word_1_73' title='bbox 297 1047 567 1106; x_wconf 83' lang='lat' dir='ltr'>assignauit</span> <span class='ocrx_word' id='word_1_74' title='bbox 602 1045 771 1090; x_wconf 90' lang='lat' dir='ltr'>abbati</span> <span class='ocrx_word' id='word_1_75' title='bbox 807 1043 1075 1089; x_wconf 88' lang='lat' dir='ltr'>terminum</span> <span class='ocrx_word' id='word_1_76' title='bbox 1112 1042 1398 1087; x_wconf 87' lang='lat' dir='ltr'>huiusmodi</span> <span class='ocrx_word' id='word_1_77' title='bbox 1433 1040 1499 1086; x_wconf 92' lang='lat' dir='ltr'>ad</span> <span class='ocrx_word' id='word_1_78' title='bbox 1535 1040 1876 1088; x_wconf 85' lang='lat' dir='ltr'>exhibendum</span> <span class='ocrx_word' id='word_1_79' title='bbox 1911 1043 2116 1102; x_wconf 90' lang='lat' dir='ltr'>plenum</span> <span class='ocrx_word' id='word_1_80' title='bbox 2143 1047 2340 1104; x_wconf 90' lang='lat' dir='ltr'>statum,</span> 
     </span>
     <span class='ocr_line' id='line_1_11' title="bbox 298 1103 1703 1169; baseline -0.006 -11"><span class='ocrx_word' id='word_1_81' title='bbox 298 1115 410 1167; x_wconf 56' lang='lat' dir='ltr'>etc„</span> <span class='ocrx_word' id='word_1_82' title='bbox 435 1108 749 1169; x_wconf 85' lang='lat' dir='ltr'>presentibus</span> <span class='ocrx_word' id='word_1_83' title='bbox 775 1107 1003 1166; x_wconf 80' lang='lat' dir='ltr'>Depyng,</span> <span class='ocrx_word' id='word_1_84' title='bbox 1028 1105 1235 1164; x_wconf 92' lang='lat' dir='ltr'>Thorpe</span> <span class='ocrx_word' id='word_1_85' title='bbox 1259 1108 1309 1150; x_wconf 90' lang='lat' dir='ltr'>et</span> <span class='ocrx_word' id='word_1_86' title='bbox 1331 1119 1425 1160; x_wconf 86' lang='lat' dir='ltr'>me,</span> <span class='ocrx_word' id='word_1_87' title='bbox 1452 1103 1703 1150; x_wconf 89' lang='lat' dir='ltr'>Colstone.</span> 
     </span>
    </p>

    <p class='ocr_par' dir='ltr' id='par_1_5' title="bbox 294 1166 2343 1676">
     <span class='ocr_line' id='line_1_12' title="bbox 426 1166 2343 1232; baseline 0.001 -14"><span class='ocrx_word' id='word_1_88' title='bbox 426 1173 568 1218; x_wconf 90' lang='lat' dir='ltr'>Idem</span> <span class='ocrx_word' id='word_1_89' title='bbox 605 1171 760 1217; x_wconf 88' lang='lat' dir='ltr'>abbas</span> <span class='ocrx_word' id='word_1_90' title='bbox 796 1169 1102 1215; x_wconf 83' lang='lat' dir='ltr'>adulteratur</span> <span class='ocrx_word' id='word_1_91' title='bbox 1137 1183 1253 1214; x_wconf 91' lang='lat' dir='ltr'>cum</span> <span class='ocrx_word' id='word_1_92' title='bbox 1289 1166 1406 1228; x_wconf 85' lang='lat' dir='ltr'>(Ia.)</span> <span class='ocrx_word' id='word_1_93' title='bbox 1446 1167 1675 1227; x_wconf 91' lang='lat' dir='ltr'>Johanna</span> <span class='ocrx_word' id='word_1_94' title='bbox 1712 1168 1926 1226; x_wconf 88' lang='lat' dir='ltr'>Baroun,</span> <span class='ocrx_word' id='word_1_95' title='bbox 1956 1184 2070 1215; x_wconf 92' lang='lat' dir='ltr'>cum</span> <span class='ocrx_word' id='word_1_96' title='bbox 2104 1185 2204 1232; x_wconf 89' lang='lat' dir='ltr'>qua</span> <span class='ocrx_word' id='word_1_97' title='bbox 2237 1175 2343 1219; x_wconf 88' lang='lat' dir='ltr'>erat</span> 
     </span>
     <span class='ocr_line' id='line_1_13' title="bbox 296 1229 2342 1298; baseline -0.001 -16"><span class='ocrx_word' id='word_1_98' title='bbox 296 1239 471 1296; x_wconf 88' lang='lat' dir='ltr'>captus</span> <span class='ocrx_word' id='word_1_99' title='bbox 507 1237 737 1294; x_wconf 89' lang='lat' dir='ltr'>suspecte</span> <span class='ocrx_word' id='word_1_100' title='bbox 772 1234 823 1278; x_wconf 92' lang='lat' dir='ltr'>in</span> <span class='ocrx_word' id='word_1_101' title='bbox 857 1247 1057 1278; x_wconf 90' lang='lat' dir='ltr'>camera</span> <span class='ocrx_word' id='word_1_102' title='bbox 1092 1231 1351 1278; x_wconf 85' lang='lat' dir='ltr'>senescalli</span> <span class='ocrx_word' id='word_1_103' title='bbox 1383 1249 1393 1287; x_wconf 88' lang='lat'><em>;</em></span> <span class='ocrx_word' id='word_1_104' title='bbox 1442 1229 1510 1291; x_wconf 89' lang='lat'>(2)</span> <span class='ocrx_word' id='word_1_105' title='bbox 1548 1245 1702 1277; x_wconf 85' lang='lat' dir='ltr'>vxore</span> <span class='ocrx_word' id='word_1_106' title='bbox 1737 1231 1979 1293; x_wconf 89' lang='lat' dir='ltr'>Johannis</span> <span class='ocrx_word' id='word_1_107' title='bbox 2016 1234 2184 1280; x_wconf 92' lang='lat' dir='ltr'>Forde</span> <span class='ocrx_word' id='word_1_108' title='bbox 2213 1252 2223 1291; x_wconf 83' lang='lat'><strong>;</strong></span> <span class='ocrx_word' id='word_1_109' title='bbox 2272 1234 2342 1298; x_wconf 82' lang='lat'>(3)</span> 
     </span>
     <span class='ocr_line' id='line_1_14' title="bbox 296 1294 2342 1360; baseline -0 -14"><span class='ocrx_word' id='word_1_110' title='bbox 296 1314 447 1346; x_wconf 86' lang='lat' dir='ltr'>vxore</span> <span class='ocrx_word' id='word_1_111' title='bbox 488 1298 727 1360; x_wconf 90' lang='lat' dir='ltr'>Johannis</span> <span class='ocrx_word' id='word_1_112' title='bbox 769 1296 977 1350; x_wconf 76' lang='lat' dir='ltr'>Roche3</span> <span class='ocrx_word' id='word_1_113' title='bbox 1030 1294 1100 1356; x_wconf 87' lang='lat'>(4)</span> <span class='ocrx_word' id='word_1_114' title='bbox 1141 1309 1294 1340; x_wconf 85' lang='lat' dir='ltr'>vxore</span> <span class='ocrx_word' id='word_1_115' title='bbox 1333 1294 1574 1355; x_wconf 88' lang='lat' dir='ltr'>Johannis</span> <span class='ocrx_word' id='word_1_116' title='bbox 1615 1294 1790 1351; x_wconf 88' lang='lat' dir='ltr'>Prest;</span> <span class='ocrx_word' id='word_1_117' title='bbox 1844 1295 1909 1356; x_wconf 88' lang='grc'>(5)</span> <span class='ocrx_word' id='word_1_118' title='bbox 1950 1312 2105 1343; x_wconf 86' lang='lat' dir='ltr'>vxore</span> <span class='ocrx_word' id='word_1_119' title='bbox 2143 1297 2342 1346; x_wconf 92' lang='lat' dir='ltr'>Thome</span> 
     </span>
     <span class='ocr_line' id='line_1_15' title="bbox 294 1357 2342 1423; baseline 0 -15"><span class='ocrx_word' id='word_1_120' title='bbox 294 1363 591 1422; x_wconf 88' lang='lat' dir='ltr'>piscatoris;</span> <span class='ocrx_word' id='word_1_121' title='bbox 638 1375 760 1422; x_wconf 92' lang='lat' dir='ltr'>quas</span> <span class='ocrx_word' id='word_1_122' title='bbox 794 1374 969 1405; x_wconf 91' lang='lat' dir='ltr'>omnes</span> <span class='ocrx_word' id='word_1_123' title='bbox 1003 1360 1247 1404; x_wconf 87' lang='lat' dir='ltr'>sustentat</span> <span class='ocrx_word' id='word_1_124' title='bbox 1283 1357 1632 1404; x_wconf 88' lang='lat' dir='ltr'>communibus</span> <span class='ocrx_word' id='word_1_125' title='bbox 1669 1358 1815 1404; x_wconf 90' lang='lat' dir='ltr'>bonis</span> <span class='ocrx_word' id='word_1_126' title='bbox 1854 1359 2047 1418; x_wconf 91' lang='lat' dir='ltr'>domus,</span> <span class='ocrx_word' id='word_1_127' title='bbox 2085 1361 2257 1423; x_wconf 92' lang='lat' dir='ltr'>sicque</span> <span class='ocrx_word' id='word_1_128' title='bbox 2291 1365 2342 1409; x_wconf 90' lang='lat' dir='ltr'>et</span> 
     </span>
     <span class='ocr_line' id='line_1_16' title="bbox 296 1421 2342 1486; baseline 0 -15"><span class='ocrx_word' id='word_1_129' title='bbox 296 1424 693 1486; x_wconf 84' lang='lat' dir='ltr'>impignorando,</span> <span class='ocrx_word' id='word_1_130' title='bbox 719 1425 838 1485; x_wconf 91' lang='lat' dir='ltr'>quin</span> <span class='ocrx_word' id='word_1_131' title='bbox 862 1423 1026 1468; x_wconf 88' lang='lat' dir='ltr'>verius</span> <span class='ocrx_word' id='word_1_132' title='bbox 1048 1425 1100 1467; x_wconf 90' lang='lat' dir='ltr'>vt</span> <span class='ocrx_word' id='word_1_133' title='bbox 1133 1423 1334 1467; x_wconf 87' lang='lat' dir='ltr'>timetur</span> <span class='ocrx_word' id='word_1_134' title='bbox 1368 1421 1637 1467; x_wconf 90' lang='lat' dir='ltr'>vendendo</span> <span class='ocrx_word' id='word_1_135' title='bbox 1670 1422 1849 1467; x_wconf 90' lang='lat' dir='ltr'>iocalia</span> <span class='ocrx_word' id='word_1_136' title='bbox 1883 1423 2062 1469; x_wconf 90' lang='lat' dir='ltr'>domus</span> <span class='ocrx_word' id='word_1_137' title='bbox 2096 1424 2342 1484; x_wconf 89' lang='lat' dir='ltr'>dilapidat</span> 
     </span>
     <span class='ocr_line' id='line_1_17' title="bbox 296 1484 2341 1536; baseline 0 -1"><span class='ocrx_word' id='word_1_138' title='bbox 296 1493 346 1536; x_wconf 89' lang='lat' dir='ltr'>et</span> <span class='ocrx_word' id='word_1_139' title='bbox 369 1489 615 1535; x_wconf 87' lang='lat' dir='ltr'>consumit</span> <span class='ocrx_word' id='word_1_140' title='bbox 639 1488 806 1533; x_wconf 87' lang='lat' dir='ltr'>omnia</span> <span class='ocrx_word' id='word_1_141' title='bbox 839 1486 973 1532; x_wconf 91' lang='lat' dir='ltr'>bona</span> <span class='ocrx_word' id='word_1_142' title='bbox 1006 1485 1198 1531; x_wconf 79' lang='lat' dir='ltr'>domus,</span> <span class='ocrx_word' id='word_1_143' title='bbox 1269 1485 1384 1530; x_wconf 87' lang='lat' dir='ltr'>Non</span> <span class='ocrx_word' id='word_1_144' title='bbox 1418 1484 1634 1530; x_wconf 91' lang='lat' dir='ltr'>intendit</span> <span class='ocrx_word' id='word_1_145' title='bbox 1667 1485 1824 1531; x_wconf 93' lang='lat' dir='ltr'>choro</span> <span class='ocrx_word' id='word_1_146' title='bbox 1860 1486 1942 1532; x_wconf 91' lang='lat' dir='ltr'>die</span> <span class='ocrx_word' id='word_1_147' title='bbox 1976 1491 2059 1533; x_wconf 88' lang='lat' dir='ltr'>aut</span> <span class='ocrx_word' id='word_1_148' title='bbox 2093 1491 2242 1535; x_wconf 90' lang='lat' dir='ltr'>nocte</span> <span class='ocrx_word' id='word_1_149' title='bbox 2274 1489 2341 1535; x_wconf 90' lang='lat' dir='ltr'>ad</span> 
     </span>
     <span class='ocr_line' id='line_1_18' title="bbox 297 1549 2342 1612; baseline 0 -14"><span class='ocrx_word' id='word_1_150' title='bbox 297 1553 444 1598; x_wconf 92' lang='lat' dir='ltr'>horas</span> <span class='ocrx_word' id='word_1_151' title='bbox 469 1552 747 1606; x_wconf 86' lang='lat' dir='ltr'>canonicas,</span> <span class='ocrx_word' id='word_1_152' title='bbox 774 1565 867 1595; x_wconf 91' lang='lat' dir='ltr'>nec</span> <span class='ocrx_word' id='word_1_153' title='bbox 890 1550 1026 1595; x_wconf 83' lang='lat' dir='ltr'>venit</span> <span class='ocrx_word' id='word_1_154' title='bbox 1047 1549 1112 1594; x_wconf 91' lang='lat' dir='ltr'>ad</span> <span class='ocrx_word' id='word_1_155' title='bbox 1137 1549 1409 1608; x_wconf 88' lang='lat' dir='ltr'>capitulum</span> <span class='ocrx_word' id='word_1_156' title='bbox 1433 1549 1755 1609; x_wconf 83' lang='lat' dir='ltr'>adexcessus</span> <span class='ocrx_word' id='word_1_157' title='bbox 1779 1550 2103 1609; x_wconf 86' lang='lat' dir='ltr'>corrigendos</span> <span class='ocrx_word' id='word_1_158' title='bbox 2133 1569 2142 1608; x_wconf 90' lang='lat'><em>;</em></span> <span class='ocrx_word' id='word_1_159' title='bbox 2179 1555 2229 1598; x_wconf 91' lang='lat' dir='ltr'>et</span> <span class='ocrx_word' id='word_1_160' title='bbox 2250 1567 2342 1612; x_wconf 90' lang='lat' dir='ltr'>per</span> 
     </span>
     <span class='ocr_line' id='line_1_19' title="bbox 294 1612 2124 1676; baseline 0 -15"><span class='ocrx_word' id='word_1_161' title='bbox 294 1618 448 1676; x_wconf 91' lang='lat' dir='ltr'>ipsius</span> <span class='ocrx_word' id='word_1_162' title='bbox 471 1614 807 1674; x_wconf 89' lang='lat' dir='ltr'>improuidum</span> <span class='ocrx_word' id='word_1_163' title='bbox 831 1614 1054 1672; x_wconf 84' lang='lat' dir='ltr'>regimen</span> <span class='ocrx_word' id='word_1_164' title='bbox 1082 1612 1260 1658; x_wconf 86' lang='lat' dir='ltr'>domus</span> <span class='ocrx_word' id='word_1_165' title='bbox 1283 1612 1590 1657; x_wconf 89' lang='lat' dir='ltr'>indebitatur</span> <span class='ocrx_word' id='word_1_166' title='bbox 1613 1612 1725 1671; x_wconf 89' lang='lat' dir='ltr'>plus</span> <span class='ocrx_word' id='word_1_167' title='bbox 1749 1627 1896 1674; x_wconf 83' lang='lat' dir='ltr'>quam</span> <span class='ocrx_word' id='word_1_168' title='bbox 1920 1615 1971 1660; x_wconf 91' lang='lat' dir='ltr'>in</span> <span class='ocrx_word' id='word_1_169' title='bbox 1995 1629 2054 1660; x_wconf 93' lang='lat' dir='ltr'>cc</span> <span class='ocrx_word' id='word_1_170' title='bbox 2076 1615 2124 1661; x_wconf 89' lang='lat' dir='ltr'>li.</span> 
     </span>
    </p>

    <p class='ocr_par' dir='ltr' id='par_1_6' title="bbox 292 1675 2341 1925">
     <span class='ocr_line' id='line_1_20' title="bbox 423 1675 2338 1741; baseline 0 -16"><span class='ocrx_word' id='word_1_171' title='bbox 423 1679 662 1726; x_wconf 87' lang='lat' dir='ltr'>Canonici</span> <span class='ocrx_word' id='word_1_172' title='bbox 687 1692 787 1723; x_wconf 91' lang='lat' dir='ltr'>non</span> <span class='ocrx_word' id='word_1_173' title='bbox 811 1679 1011 1722; x_wconf 84' lang='lat' dir='ltr'>seruant</span> <span class='ocrx_word' id='word_1_174' title='bbox 1035 1676 1302 1722; x_wconf 88' lang='lat' dir='ltr'>claustrum</span> <span class='ocrx_word' id='word_1_175' title='bbox 1337 1678 1451 1735; x_wconf 89' lang='lat' dir='ltr'>post</span> <span class='ocrx_word' id='word_1_176' title='bbox 1483 1675 1750 1734; x_wconf 89' lang='lat' dir='ltr'>prandium</span> <span class='ocrx_word' id='word_1_177' title='bbox 1784 1676 1952 1738; x_wconf 90' lang='lat' dir='ltr'>aliquo</span> <span class='ocrx_word' id='word_1_178' title='bbox 1985 1677 2082 1734; x_wconf 81' lang='lat' dir='ltr'>die,</span> <span class='ocrx_word' id='word_1_179' title='bbox 2108 1678 2198 1724; x_wconf 91' lang='lat' dir='ltr'>sed</span> <span class='ocrx_word' id='word_1_180' title='bbox 2232 1680 2338 1741; x_wconf 92' lang='lat' dir='ltr'>qui-</span> 
     </span>
     <span class='ocr_line' id='line_1_21' title="bbox 296 1739 2341 1802; baseline 0 -14"><span class='ocrx_word' id='word_1_181' title='bbox 296 1743 412 1788; x_wconf 90' lang='lat' dir='ltr'>dam</span> <span class='ocrx_word' id='word_1_182' title='bbox 443 1741 708 1788; x_wconf 89' lang='lat' dir='ltr'>intendunt</span> <span class='ocrx_word' id='word_1_183' title='bbox 752 1740 1187 1799; x_wconf 82' lang='lat' dir='ltr'>aucupacionibus,</span> <span class='ocrx_word' id='word_1_184' title='bbox 1229 1739 1435 1800; x_wconf 90' lang='lat' dir='ltr'>quidam</span> <span class='ocrx_word' id='word_1_185' title='bbox 1470 1739 1841 1794; x_wconf 88' lang='lat' dir='ltr'>venacionibus‚</span> <span class='ocrx_word' id='word_1_186' title='bbox 1882 1741 2087 1802; x_wconf 90' lang='lat' dir='ltr'>quidam</span> <span class='ocrx_word' id='word_1_187' title='bbox 2126 1742 2341 1802; x_wconf 90' lang='lat' dir='ltr'>publicis</span> 
     </span>
     <span class='ocr_line' id='line_1_22' title="bbox 293 1802 2340 1864; baseline 0 -12"><span class='ocrx_word' id='word_1_188' title='bbox 293 1807 527 1862; x_wconf 89' lang='lat' dir='ltr'>tabernis,</span> <span class='ocrx_word' id='word_1_189' title='bbox 553 1805 741 1851; x_wconf 90' lang='lat' dir='ltr'>ibidem</span> <span class='ocrx_word' id='word_1_190' title='bbox 779 1804 1001 1849; x_wconf 91' lang='lat' dir='ltr'>bibendo</span> <span class='ocrx_word' id='word_1_191' title='bbox 1039 1806 1088 1849; x_wconf 93' lang='lat' dir='ltr'>et</span> <span class='ocrx_word' id='word_1_192' title='bbox 1124 1802 1442 1850; x_wconf 89' lang='lat' dir='ltr'>comedendo</span> <span class='ocrx_word' id='word_1_193' title='bbox 1478 1817 1590 1849; x_wconf 86' lang='lat' dir='ltr'>cum</span> <span class='ocrx_word' id='word_1_194' title='bbox 1628 1804 1873 1862; x_wconf 89' lang='lat' dir='ltr'>suspectis</span> <span class='ocrx_word' id='word_1_195' title='bbox 1909 1806 2151 1864; x_wconf 83' lang='lat' dir='ltr'>personis,</span> <span class='ocrx_word' id='word_1_196' title='bbox 2181 1806 2340 1853; x_wconf 88' lang='lat' dir='ltr'>eciam</span> 
     </span>
     <span class='ocr_line' id='line_1_23' title="bbox 292 1865 1675 1925; baseline -0.001 -10"><span class='ocrx_word' id='word_1_197' title='bbox 292 1870 580 1915; x_wconf 89' lang='lat' dir='ltr'>mulieribus</span> <span class='ocrx_word' id='word_1_198' title='bbox 604 1868 809 1923; x_wconf 83' lang='lat' dir='ltr'>miseris,</span> <span class='ocrx_word' id='word_1_199' title='bbox 834 1868 885 1912; x_wconf 90' lang='lat' dir='ltr'>in</span> <span class='ocrx_word' id='word_1_200' title='bbox 909 1879 1144 1925; x_wconf 81' lang='lat' dir='ltr'>magnum</span> <span class='ocrx_word' id='word_1_201' title='bbox 1168 1866 1346 1912; x_wconf 88' lang='lat' dir='ltr'>domus</span> <span class='ocrx_word' id='word_1_202' title='bbox 1370 1865 1675 1913; x_wconf 87' lang='lat' dir='ltr'>scandalum.</span> 
     </span>
    </p>

    <p class='ocr_par' dir='ltr' id='par_1_7' title="bbox 287 1930 2340 3387">
     <span class='ocr_line' id='line_1_24' title="bbox 425 1930 2340 1994; baseline 0.002 -17"><span class='ocrx_word' id='word_1_203' title='bbox 425 1933 590 1978; x_wconf 88' lang='lat' dir='ltr'>Primo</span> <span class='ocrx_word' id='word_1_204' title='bbox 615 1932 696 1977; x_wconf 90' lang='lat' dir='ltr'>die</span> <span class='ocrx_word' id='word_1_205' title='bbox 721 1932 905 1976; x_wconf 87' lang='lat' dir='ltr'>mensis</span> <span class='ocrx_word' id='word_1_206' title='bbox 938 1931 1066 1991; x_wconf 90' lang='lat' dir='ltr'>Junij</span> <span class='ocrx_word' id='word_1_207' title='bbox 1093 1944 1226 1976; x_wconf 90' lang='lat' dir='ltr'>anno</span> <span class='ocrx_word' id='word_1_208' title='bbox 1252 1930 1456 1975; x_wconf 91' lang='lat' dir='ltr'>Domini</span> <span class='ocrx_word' id='word_1_209' title='bbox 1481 1930 1737 1990; x_wconf 83' lang='lat' dir='ltr'>mccccxlj‚</span> <span class='ocrx_word' id='word_1_210' title='bbox 1762 1931 1978 1977; x_wconf 90' lang='lat' dir='ltr'>termino</span> <span class='ocrx_word' id='word_1_211' title='bbox 2000 1932 2171 1994; x_wconf 91' lang='lat' dir='ltr'>vtique</span> <span class='ocrx_word' id='word_1_212' title='bbox 2202 1933 2340 1980; x_wconf 86' lang='lat' dir='ltr'>iuxta</span> 
     </span>
     <span class='ocr_line' id='line_1_25' title="bbox 294 1993 2337 2053; baseline 0.001 -12"><span class='ocrx_word' id='word_1_213' title='bbox 294 1996 507 2042; x_wconf 81' lang='lat' dir='ltr'>formam</span> <span class='ocrx_word' id='word_1_214' title='bbox 530 1994 926 2041; x_wconf 90' lang='lat' dir='ltr'>continuacionis</span> <span class='ocrx_word' id='word_1_215' title='bbox 948 1994 1254 2039; x_wconf 87' lang='lat' dir='ltr'>visitacionis</span> <span class='ocrx_word' id='word_1_216' title='bbox 1281 1993 1568 2039; x_wconf 89' lang='lat' dir='ltr'>huiusmodi</span> <span class='ocrx_word' id='word_1_217' title='bbox 1601 1994 1667 2039; x_wconf 90' lang='lat' dir='ltr'>ad</span> <span class='ocrx_word' id='word_1_218' title='bbox 1701 1994 2082 2053; x_wconf 91' lang='lat' dir='ltr'>procedendum</span> <span class='ocrx_word' id='word_1_219' title='bbox 2103 1995 2170 2042; x_wconf 89' lang='lat' dir='ltr'>ad</span> <span class='ocrx_word' id='word_1_220' title='bbox 2191 1997 2337 2043; x_wconf 87' lang='lat' dir='ltr'>vlter-</span> 
     </span>
     <span class='ocr_line' id='line_1_26' title="bbox 293 2057 2337 2116; baseline 0 -11"><span class='ocrx_word' id='word_1_221' title='bbox 293 2060 399 2105; x_wconf 91' lang='lat' dir='ltr'>iora</span> <span class='ocrx_word' id='word_1_222' title='bbox 434 2060 484 2104; x_wconf 92' lang='lat' dir='ltr'>in</span> <span class='ocrx_word' id='word_1_223' title='bbox 524 2058 700 2105; x_wconf 91' lang='lat' dir='ltr'>eadem</span> <span class='ocrx_word' id='word_1_224' title='bbox 736 2058 1029 2103; x_wconf 86' lang='lat' dir='ltr'>visitacione</span> <span class='ocrx_word' id='word_1_225' title='bbox 1064 2060 1114 2103; x_wconf 93' lang='lat' dir='ltr'>et</span> <span class='ocrx_word' id='word_1_226' title='bbox 1149 2057 1363 2116; x_wconf 84' lang='lat' dir='ltr'>negocio</span> <span class='ocrx_word' id='word_1_227' title='bbox 1398 2057 1624 2103; x_wconf 89' lang='lat' dir='ltr'>eiusdem</span> <span class='ocrx_word' id='word_1_228' title='bbox 1647 2057 1924 2103; x_wconf 89' lang='lat' dir='ltr'>secundum</span> <span class='ocrx_word' id='word_1_229' title='bbox 1945 2058 2160 2105; x_wconf 85' lang='lat' dir='ltr'>formam</span> <span class='ocrx_word' id='word_1_230' title='bbox 2182 2063 2337 2106; x_wconf 90' lang='lat' dir='ltr'>retro-</span> 
     </span>
     <span class='ocr_line' id='line_1_27' title="bbox 293 2119 2338 2182; baseline 0.001 -14"><span class='ocrx_word' id='word_1_231' title='bbox 293 2126 517 2169; x_wconf 84' lang='lat' dir='ltr'>actorum</span> <span class='ocrx_word' id='word_1_232' title='bbox 541 2123 591 2167; x_wconf 88' lang='lat' dir='ltr'>in</span> <span class='ocrx_word' id='word_1_233' title='bbox 615 2121 796 2167; x_wconf 92' lang='lat' dir='ltr'>eodem</span> <span class='ocrx_word' id='word_1_234' title='bbox 814 2122 1026 2180; x_wconf 85' lang='lat' dir='ltr'>negocio</span> <span class='ocrx_word' id='word_1_235' title='bbox 1046 2120 1329 2166; x_wconf 91' lang='lat' dir='ltr'>habitorum</span> <span class='ocrx_word' id='word_1_236' title='bbox 1348 2134 1438 2180; x_wconf 91' lang='lat' dir='ltr'>per</span> <span class='ocrx_word' id='word_1_237' title='bbox 1456 2119 1716 2166; x_wconf 90' lang='lat' dir='ltr'>dominum</span> <span class='ocrx_word' id='word_1_238' title='bbox 1739 2123 1941 2181; x_wconf 90' lang='lat' dir='ltr'>captato</span> <span class='ocrx_word' id='word_1_239' title='bbox 1965 2125 2015 2167; x_wconf 90' lang='lat' dir='ltr'>et</span> <span class='ocrx_word' id='word_1_240' title='bbox 2037 2137 2127 2182; x_wconf 90' lang='lat' dir='ltr'>per</span> <span class='ocrx_word' id='word_1_241' title='bbox 2148 2122 2338 2170; x_wconf 90' lang='lat' dir='ltr'>litteras</span> 
     </span>
     <span class='ocr_line' id='line_1_28' title="bbox 294 2183 2338 2244; baseline 0.001 -13"><span class='ocrx_word' id='word_1_242' title='bbox 294 2201 406 2231; x_wconf 91' lang='lat' dir='ltr'>suas</span> <span class='ocrx_word' id='word_1_243' title='bbox 442 2186 692 2232; x_wconf 86' lang='lat' dir='ltr'>citatorias</span> <span class='ocrx_word' id='word_1_244' title='bbox 729 2185 935 2230; x_wconf 89' lang='lat' dir='ltr'>domino</span> <span class='ocrx_word' id='word_1_245' title='bbox 970 2184 1140 2230; x_wconf 89' lang='lat' dir='ltr'>abbati</span> <span class='ocrx_word' id='word_1_246' title='bbox 1175 2187 1224 2230; x_wconf 90' lang='lat' dir='ltr'>et</span> <span class='ocrx_word' id='word_1_247' title='bbox 1257 2185 1527 2230; x_wconf 90' lang='lat' dir='ltr'>conuentui</span> <span class='ocrx_word' id='word_1_248' title='bbox 1559 2183 1772 2231; x_wconf 90' lang='lat' dir='ltr'>limitato</span> <span class='ocrx_word' id='word_1_249' title='bbox 1797 2188 1846 2231; x_wconf 92' lang='lat' dir='ltr'>et</span> <span class='ocrx_word' id='word_1_250' title='bbox 1879 2184 2084 2244; x_wconf 88' lang='lat' dir='ltr'>prefixo,</span> <span class='ocrx_word' id='word_1_251' title='bbox 2109 2186 2161 2232; x_wconf 90' lang='lat' dir='ltr'>in</span> <span class='ocrx_word' id='word_1_252' title='bbox 2184 2187 2338 2234; x_wconf 90' lang='lat' dir='ltr'>domo</span> 
     </span>
     <span class='ocr_line' id='line_1_29' title="bbox 294 2247 2339 2308; baseline 0.001 -13"><span class='ocrx_word' id='word_1_253' title='bbox 294 2249 551 2308; x_wconf 88' lang='lat' dir='ltr'>capitulari</span> <span class='ocrx_word' id='word_1_254' title='bbox 589 2249 709 2294; x_wconf 88' lang='lat' dir='ltr'>dicti</span> <span class='ocrx_word' id='word_1_255' title='bbox 746 2249 1032 2308; x_wconf 86' lang='lat' dir='ltr'>monasterij</span> <span class='ocrx_word' id='word_1_256' title='bbox 1072 2262 1239 2293; x_wconf 90' lang='lat' dir='ltr'>coram</span> <span class='ocrx_word' id='word_1_257' title='bbox 1277 2247 1483 2293; x_wconf 92' lang='lat' dir='ltr'>domino</span> <span class='ocrx_word' id='word_1_258' title='bbox 1520 2248 1571 2293; x_wconf 91' lang='lat' dir='ltr'>in</span> <span class='ocrx_word' id='word_1_259' title='bbox 1599 2248 1780 2294; x_wconf 89' lang='lat' dir='ltr'>eodem</span> <span class='ocrx_word' id='word_1_260' title='bbox 1804 2250 2017 2307; x_wconf 87' lang='lat' dir='ltr'>negocio</span> <span class='ocrx_word' id='word_1_261' title='bbox 2040 2249 2339 2297; x_wconf 88' lang='lat' dir='ltr'>iudicialiter</span> 
     </span>
     <span class='ocr_line' id='line_1_30' title="bbox 293 2311 2335 2373; baseline 0.001 -15"><span class='ocrx_word' id='word_1_262' title='bbox 293 2313 500 2358; x_wconf 91' lang='lat' dir='ltr'>sedente</span> <span class='ocrx_word' id='word_1_263' title='bbox 545 2314 929 2371; x_wconf 87' lang='lat' dir='ltr'>comparuerunt</span> <span class='ocrx_word' id='word_1_264' title='bbox 972 2311 1301 2371; x_wconf 90' lang='lat' dir='ltr'>personaliter</span> <span class='ocrx_word' id='word_1_265' title='bbox 1344 2311 1523 2357; x_wconf 83' lang='lat' dir='ltr'>fratres</span> <span class='ocrx_word' id='word_1_266' title='bbox 1577 2311 1831 2372; x_wconf 90' lang='lat' dir='ltr'>Johannes</span> <span class='ocrx_word' id='word_1_267' title='bbox 1876 2312 2111 2373; x_wconf 80' lang='lat' dir='ltr'>Clyftone</span> <span class='ocrx_word' id='word_1_268' title='bbox 2164 2314 2335 2372; x_wconf 91' lang='lat' dir='ltr'>abbas,</span> 
     </span>
     <span class='ocr_line' id='line_1_31' title="bbox 291 2374 2334 2440; baseline 0 -18"><span class='ocrx_word' id='word_1_269' title='bbox 291 2376 542 2438; x_wconf 89' lang='lat' dir='ltr'>Johannes</span> <span class='ocrx_word' id='word_1_270' title='bbox 584 2375 888 2421; x_wconf 88' lang='lat' dir='ltr'>Hakeburne</span> <span class='ocrx_word' id='word_1_271' title='bbox 924 2376 1074 2434; x_wconf 85' lang='lat' dir='ltr'>prior,</span> <span class='ocrx_word' id='word_1_272' title='bbox 1113 2375 1365 2436; x_wconf 89' lang='lat' dir='ltr'>Johannes</span> <span class='ocrx_word' id='word_1_273' title='bbox 1405 2374 1680 2430; x_wconf 85' lang='lat' dir='ltr'>Henrethe,</span> <span class='ocrx_word' id='word_1_274' title='bbox 1721 2376 1945 2422; x_wconf 89' lang='lat' dir='ltr'>Thomas</span> <span class='ocrx_word' id='word_1_275' title='bbox 1979 2377 2334 2440; x_wconf 85' lang='lat' dir='ltr'>Tewkesbury‚</span> 
     </span>
     <span class='ocr_line' id='line_1_32' title="bbox 292 2438 2337 2499; baseline 0.001 -15"><span class='ocrx_word' id='word_1_276' title='bbox 292 2440 544 2485; x_wconf 89' lang='lat' dir='ltr'>Walterus</span> <span class='ocrx_word' id='word_1_277' title='bbox 591 2439 934 2494; x_wconf 89' lang='lat' dir='ltr'>Dorcaeestre,</span> <span class='ocrx_word' id='word_1_278' title='bbox 981 2438 1234 2499; x_wconf 89' lang='lat' dir='ltr'>Johannes</span> <span class='ocrx_word' id='word_1_279' title='bbox 1289 2438 1616 2499; x_wconf 83' lang='lat' dir='ltr'>Shroesbury‚</span> <span class='ocrx_word' id='word_1_280' title='bbox 1667 2439 1962 2499; x_wconf 88' lang='lat' dir='ltr'>Radulphus</span> <span class='ocrx_word' id='word_1_281' title='bbox 2008 2439 2242 2487; x_wconf 89' lang='lat' dir='ltr'>Calathra</span> <span class='ocrx_word' id='word_1_282' title='bbox 2287 2445 2337 2488; x_wconf 93' lang='lat' dir='ltr'>et</span> 
     </span>
     <span class='ocr_line' id='line_1_33' title="bbox 296 2501 2335 2564; baseline 0.001 -16"><span class='ocrx_word' id='word_1_283' title='bbox 296 2503 544 2548; x_wconf 90' lang='lat' dir='ltr'>Henricus</span> <span class='ocrx_word' id='word_1_284' title='bbox 591 2503 769 2558; x_wconf 87' lang='lat' dir='ltr'>Yorke,</span> <span class='ocrx_word' id='word_1_285' title='bbox 817 2502 1045 2548; x_wconf 89' lang='lat' dir='ltr'>canonici</span> <span class='ocrx_word' id='word_1_286' title='bbox 1091 2501 1212 2548; x_wconf 88' lang='lat' dir='ltr'>dicti</span> <span class='ocrx_word' id='word_1_287' title='bbox 1258 2501 1451 2558; x_wconf 86' lang='lat' dir='ltr'>domus,</span> <span class='ocrx_word' id='word_1_288' title='bbox 1497 2502 1563 2547; x_wconf 90' lang='lat' dir='ltr'>ad</span> <span class='ocrx_word' id='word_1_289' title='bbox 1608 2502 1989 2562; x_wconf 90' lang='lat' dir='ltr'>procedendum</span> <span class='ocrx_word' id='word_1_290' title='bbox 2033 2506 2084 2549; x_wconf 92' lang='lat' dir='ltr'>et</span> <span class='ocrx_word' id='word_1_291' title='bbox 2127 2505 2335 2564; x_wconf 88' lang='lat' dir='ltr'>procedi</span> 
     </span>
     <span class='ocr_line' id='line_1_34' title="bbox 292 2565 2336 2628; baseline 0.002 -18"><span class='ocrx_word' id='word_1_292' title='bbox 292 2566 565 2611; x_wconf 88' lang='lat' dir='ltr'>videndum</span> <span class='ocrx_word' id='word_1_293' title='bbox 600 2566 651 2610; x_wconf 92' lang='lat' dir='ltr'>in</span> <span class='ocrx_word' id='word_1_294' title='bbox 691 2566 828 2611; x_wconf 89' lang='lat' dir='ltr'>dicto</span> <span class='ocrx_word' id='word_1_295' title='bbox 868 2566 1080 2625; x_wconf 81' lang='lat' dir='ltr'>negocio</span> <span class='ocrx_word' id='word_1_296' title='bbox 1126 2566 1277 2621; x_wconf 87' lang='lat' dir='ltr'>citati,</span> <span class='ocrx_word' id='word_1_297' title='bbox 1324 2565 1477 2611; x_wconf 84' lang='lat' dir='ltr'>fratre</span> <span class='ocrx_word' id='word_1_298' title='bbox 1521 2565 1749 2626; x_wconf 89' lang='lat' dir='ltr'>Johanne</span> <span class='ocrx_word' id='word_1_299' title='bbox 1793 2566 2132 2626; x_wconf 88' lang='lat' dir='ltr'>Wynchestre</span> <span class='ocrx_word' id='word_1_300' title='bbox 2176 2583 2336 2628; x_wconf 92' lang='lat' dir='ltr'>nuper</span> 
     </span>
     <span class='ocr_line' id='line_1_35' title="bbox 291 2628 2334 2692; baseline 0.001 -18"><span class='ocrx_word' id='word_1_301' title='bbox 291 2630 474 2675; x_wconf 88' lang='lat' dir='ltr'>abbate</span> <span class='ocrx_word' id='word_1_302' title='bbox 498 2629 771 2688; x_wconf 81' lang='lat' dir='ltr'>decrepito,</span> <span class='ocrx_word' id='word_1_303' title='bbox 791 2644 850 2675; x_wconf 89' lang='lat' dir='ltr'>ac</span> <span class='ocrx_word' id='word_1_304' title='bbox 867 2629 1103 2674; x_wconf 80' lang='lat' dir='ltr'>fratribus</span> <span class='ocrx_word' id='word_1_305' title='bbox 1125 2628 1324 2674; x_wconf 91' lang='lat' dir='ltr'>Thoma</span> <span class='ocrx_word' id='word_1_306' title='bbox 1351 2629 1614 2675; x_wconf 89' lang='lat' dir='ltr'>Henrethe</span> <span class='ocrx_word' id='word_1_307' title='bbox 1638 2632 1687 2675; x_wconf 92' lang='lat' dir='ltr'>et</span> <span class='ocrx_word' id='word_1_308' title='bbox 1705 2630 1951 2692; x_wconf 80' lang='lat' dir='ltr'>Waltero²</span> <span class='ocrx_word' id='word_1_309' title='bbox 1971 2630 2334 2691; x_wconf 82' lang='lat' dir='ltr'>Plymmouthe,</span> 
     </span>
     <span class='ocr_line' id='line_1_36' title="bbox 292 2692 2336 2755; baseline 0.002 -18"><span class='ocrx_word' id='word_1_310' title='bbox 292 2694 375 2754; x_wconf 88' lang='lat' dir='ltr'>qui</span> <span class='ocrx_word' id='word_1_311' title='bbox 400 2693 500 2738; x_wconf 89' lang='lat' dir='ltr'>duo</span> <span class='ocrx_word' id='word_1_312' title='bbox 524 2707 552 2738; x_wconf 93' lang='lat' dir='ltr'>a</span> <span class='ocrx_word' id='word_1_313' title='bbox 576 2692 727 2738; x_wconf 92' lang='lat' dir='ltr'>domo</span> <span class='ocrx_word' id='word_1_314' title='bbox 757 2694 881 2738; x_wconf 89' lang='lat' dir='ltr'>citra</span> <span class='ocrx_word' id='word_1_315' title='bbox 914 2692 1298 2739; x_wconf 87' lang='lat' dir='ltr'>inchoacionem</span> <span class='ocrx_word' id='word_1_316' title='bbox 1335 2693 1641 2738; x_wconf 89' lang='lat' dir='ltr'>visitacionis</span> <span class='ocrx_word' id='word_1_317' title='bbox 1677 2693 1963 2739; x_wconf 89' lang='lat' dir='ltr'>huiusmodi</span> <span class='ocrx_word' id='word_1_318' title='bbox 1998 2694 2050 2739; x_wconf 91' lang='lat' dir='ltr'>in</span> <span class='ocrx_word' id='word_1_319' title='bbox 2085 2696 2336 2755; x_wconf 88' lang='lat' dir='ltr'>apostasia</span> 
     </span>
     <span class='ocr_line' id='line_1_37' title="bbox 292 2755 2336 2820; baseline 0.001 -19"><span class='ocrx_word' id='word_1_320' title='bbox 292 2758 612 2810; x_wconf 80' lang='lat' dir='ltr'>recesserant,</span> <span class='ocrx_word' id='word_1_321' title='bbox 650 2756 953 2802; x_wconf 88' lang='lat' dir='ltr'>absentibus.</span> <span class='ocrx_word' id='word_1_322' title='bbox 1045 2756 1111 2801; x_wconf 89' lang='lat' dir='ltr'>Et</span> <span class='ocrx_word' id='word_1_323' title='bbox 1147 2755 1334 2801; x_wconf 89' lang='lat' dir='ltr'>deinde</span> <span class='ocrx_word' id='word_1_324' title='bbox 1369 2756 1603 2802; x_wconf 89' lang='lat' dir='ltr'>dominus</span> <span class='ocrx_word' id='word_1_325' title='bbox 1646 2757 1874 2802; x_wconf 87' lang='lat' dir='ltr'>recitauit</span> <span class='ocrx_word' id='word_1_326' title='bbox 1917 2757 2088 2803; x_wconf 86' lang='lat' dir='ltr'>abbati</span> <span class='ocrx_word' id='word_1_327' title='bbox 2124 2758 2336 2820; x_wconf 89' lang='lat' dir='ltr'>qualiter</span> 
     </span>
     <span class='ocr_line' id='line_1_38' title="bbox 290 2818 2335 2878; baseline 0.001 -14"><span class='ocrx_word' id='word_1_328' title='bbox 290 2820 500 2864; x_wconf 86' lang='lat' dir='ltr'>iniunxit</span> <span class='ocrx_word' id='word_1_329' title='bbox 523 2820 612 2878; x_wconf 79' lang='lat' dir='ltr'>ipsi</span> <span class='ocrx_word' id='word_1_330' title='bbox 637 2819 821 2875; x_wconf 84' lang='lat' dir='ltr'>abbati,</span> <span class='ocrx_word' id='word_1_331' title='bbox 847 2819 966 2864; x_wconf 92' lang='lat' dir='ltr'>dum</span> <span class='ocrx_word' id='word_1_332' title='bbox 1002 2819 1138 2865; x_wconf 92' lang='lat' dir='ltr'>idem</span> <span class='ocrx_word' id='word_1_333' title='bbox 1175 2818 1408 2865; x_wconf 91' lang='lat' dir='ltr'>dominus</span> <span class='ocrx_word' id='word_1_334' title='bbox 1445 2819 1620 2865; x_wconf 89' lang='lat' dir='ltr'>vltimo</span> <span class='ocrx_word' id='word_1_335' title='bbox 1654 2821 1999 2866; x_wconf 90' lang='lat' dir='ltr'>visitacionem</span> <span class='ocrx_word' id='word_1_336' title='bbox 2035 2836 2175 2867; x_wconf 90' lang='lat' dir='ltr'>suam</span> <span class='ocrx_word' id='word_1_337' title='bbox 2212 2822 2335 2868; x_wconf 90' lang='lat' dir='ltr'>inibi</span> 
     </span>
     <span class='ocr_line' id='line_1_39' title="bbox 289 2883 2333 2945; baseline 0.002 -18"><span class='ocrx_word' id='word_1_338' title='bbox 289 2883 575 2928; x_wconf 87' lang='lat' dir='ltr'>inchoando</span> <span class='ocrx_word' id='word_1_339' title='bbox 601 2883 735 2927; x_wconf 86' lang='lat' dir='ltr'>iuxta</span> <span class='ocrx_word' id='word_1_340' title='bbox 757 2883 1139 2944; x_wconf 90' lang='lat' dir='ltr'>inquisicionem</span> <span class='ocrx_word' id='word_1_341' title='bbox 1163 2897 1303 2928; x_wconf 92' lang='lat' dir='ltr'>suam</span> <span class='ocrx_word' id='word_1_342' title='bbox 1326 2884 1721 2942; x_wconf 90' lang='lat' dir='ltr'>preparatoriam</span> <span class='ocrx_word' id='word_1_343' title='bbox 1744 2899 1894 2945; x_wconf 89' lang='lat' dir='ltr'>quam</span> <span class='ocrx_word' id='word_1_344' title='bbox 1927 2886 2047 2930; x_wconf 91' lang='lat' dir='ltr'>tunc</span> <span class='ocrx_word' id='word_1_345' title='bbox 2077 2884 2198 2931; x_wconf 83' lang='lat' dir='ltr'>fecit</span> <span class='ocrx_word' id='word_1_346' title='bbox 2220 2899 2333 2945; x_wconf 90' lang='lat' dir='ltr'>pro-</span> 
     </span>
     <span class='ocr_line' id='line_1_40' title="bbox 290 2945 2335 3007; baseline 0.002 -17"><span class='ocrx_word' id='word_1_347' title='bbox 290 2945 508 3001; x_wconf 76' lang='lat' dir='ltr'>cedens‚³</span> <span class='ocrx_word' id='word_1_348' title='bbox 531 2949 581 2990; x_wconf 90' lang='lat' dir='ltr'>vt</span> <span class='ocrx_word' id='word_1_349' title='bbox 604 2946 653 2990; x_wconf 92' lang='lat' dir='ltr'>in</span> <span class='ocrx_word' id='word_1_350' title='bbox 677 2947 892 2991; x_wconf 88' lang='lat' dir='ltr'>termino</span> <span class='ocrx_word' id='word_1_351' title='bbox 915 2946 981 2992; x_wconf 87' lang='lat' dir='ltr'>ad</span> <span class='ocrx_word' id='word_1_352' title='bbox 1009 2961 1159 3007; x_wconf 91' lang='lat' dir='ltr'>quem</span> <span class='ocrx_word' id='word_1_353' title='bbox 1181 2947 1525 2992; x_wconf 88' lang='lat' dir='ltr'>visitacionem</span> <span class='ocrx_word' id='word_1_354' title='bbox 1550 2961 1689 2992; x_wconf 91' lang='lat' dir='ltr'>suam</span> <span class='ocrx_word' id='word_1_355' title='bbox 1713 2947 1999 2993; x_wconf 90' lang='lat' dir='ltr'>huiusmodi</span> <span class='ocrx_word' id='word_1_356' title='bbox 2023 2949 2335 2994; x_wconf 89' lang='lat' dir='ltr'>continuauit</span> 
     </span>
     <span class='ocr_line' id='line_1_41' title="bbox 287 3009 2331 3071; baseline 0.002 -18"><span class='ocrx_word' id='word_1_357' title='bbox 287 3009 490 3067; x_wconf 89' lang='lat' dir='ltr'>plenum</span> <span class='ocrx_word' id='word_1_358' title='bbox 514 3012 694 3054; x_wconf 86' lang='lat' dir='ltr'>statum</span> <span class='ocrx_word' id='word_1_359' title='bbox 719 3009 897 3054; x_wconf 90' lang='lat' dir='ltr'>domus</span> <span class='ocrx_word' id='word_1_360' title='bbox 920 3010 971 3054; x_wconf 90' lang='lat' dir='ltr'>in</span> <span class='ocrx_word' id='word_1_361' title='bbox 995 3024 1094 3071; x_wconf 90' lang='lat' dir='ltr'>quo</span> <span class='ocrx_word' id='word_1_362' title='bbox 1117 3013 1236 3055; x_wconf 91' lang='lat' dir='ltr'>tunc</span> <span class='ocrx_word' id='word_1_363' title='bbox 1260 3009 1353 3054; x_wconf 84' lang='lat' dir='ltr'>fuit</span> <span class='ocrx_word' id='word_1_364' title='bbox 1376 3013 1426 3055; x_wconf 91' lang='lat' dir='ltr'>et</span> <span class='ocrx_word' id='word_1_365' title='bbox 1449 3010 1499 3054; x_wconf 92' lang='lat' dir='ltr'>in</span> <span class='ocrx_word' id='word_1_366' title='bbox 1524 3024 1624 3070; x_wconf 91' lang='lat' dir='ltr'>quo</span> <span class='ocrx_word' id='word_1_367' title='bbox 1653 3010 1817 3069; x_wconf 90' lang='lat' dir='ltr'>ipsum</span> <span class='ocrx_word' id='word_1_368' title='bbox 1849 3014 2080 3070; x_wconf 89' lang='lat' dir='ltr'>tempore</span> <span class='ocrx_word' id='word_1_369' title='bbox 2113 3012 2331 3058; x_wconf 89' lang='lat' dir='ltr'>installa-</span> 
     </span>
     <span class='ocr_line' id='line_1_42' title="bbox 290 3072 2333 3134; baseline 0.002 -18"><span class='ocrx_word' id='word_1_370' title='bbox 290 3072 448 3117; x_wconf 92' lang='lat' dir='ltr'>cionis</span> <span class='ocrx_word' id='word_1_371' title='bbox 471 3087 557 3117; x_wconf 92' lang='lat' dir='ltr'>sue</span> <span class='ocrx_word' id='word_1_372' title='bbox 581 3074 771 3118; x_wconf 88' lang='lat' dir='ltr'>inuenit</span> <span class='ocrx_word' id='word_1_373' title='bbox 794 3073 888 3118; x_wconf 88' lang='lat' dir='ltr'>sibi</span> <span class='ocrx_word' id='word_1_374' title='bbox 913 3073 1174 3119; x_wconf 86' lang='lat' dir='ltr'>exhiberet</span> <span class='ocrx_word' id='word_1_375' title='bbox 1199 3090 1207 3129; x_wconf 90' lang='lat'>;</span> <span class='ocrx_word' id='word_1_376' title='bbox 1244 3072 1481 3134; x_wconf 91' lang='lat' dir='ltr'>quodque</span> <span class='ocrx_word' id='word_1_377' title='bbox 1505 3074 1629 3119; x_wconf 90' lang='lat' dir='ltr'>citra</span> <span class='ocrx_word' id='word_1_378' title='bbox 1652 3074 2021 3120; x_wconf 90' lang='lat' dir='ltr'>iniunccionem</span> <span class='ocrx_word' id='word_1_379' title='bbox 2046 3073 2333 3121; x_wconf 90' lang='lat' dir='ltr'>huiusmodi</span> 
     </span>
     <span class='ocr_line' id='line_1_43' title="bbox 289 3135 2334 3197; baseline 0.002 -18"><span class='ocrx_word' id='word_1_380' title='bbox 289 3135 424 3180; x_wconf 92' lang='lat' dir='ltr'>idem</span> <span class='ocrx_word' id='word_1_381' title='bbox 447 3136 602 3180; x_wconf 85' lang='lat' dir='ltr'>abbas</span> <span class='ocrx_word' id='word_1_382' title='bbox 625 3136 758 3180; x_wconf 90' lang='lat' dir='ltr'>misit</span> <span class='ocrx_word' id='word_1_383' title='bbox 781 3135 987 3182; x_wconf 90' lang='lat' dir='ltr'>domino</span> <span class='ocrx_word' id='word_1_384' title='bbox 1012 3137 1103 3182; x_wconf 91' lang='lat' dir='ltr'>sub</span> <span class='ocrx_word' id='word_1_385' title='bbox 1131 3136 1295 3195; x_wconf 85' lang='lat' dir='ltr'>sigillo</span> <span class='ocrx_word' id='word_1_386' title='bbox 1329 3151 1419 3182; x_wconf 92' lang='lat' dir='ltr'>suo</span> <span class='ocrx_word' id='word_1_387' title='bbox 1453 3135 1706 3197; x_wconf 87' lang='lat' dir='ltr'>quendam</span> <span class='ocrx_word' id='word_1_388' title='bbox 1740 3137 1956 3183; x_wconf 91' lang='lat' dir='ltr'>rotulum</span> <span class='ocrx_word' id='word_1_389' title='bbox 1991 3138 2334 3184; x_wconf 89' lang='lat' dir='ltr'>continentem</span> 
     </span>
     <span class='ocr_line' id='line_1_44' title="bbox 289 3198 2334 3259; baseline 0.002 -16"><span class='ocrx_word' id='word_1_390' title='bbox 289 3198 481 3243; x_wconf 87' lang='lat' dir='ltr'>valores</span> <span class='ocrx_word' id='word_1_391' title='bbox 504 3200 837 3244; x_wconf 89' lang='lat' dir='ltr'>maneriorum</span> <span class='ocrx_word' id='word_1_392' title='bbox 860 3203 909 3245; x_wconf 89' lang='lat' dir='ltr'>et</span> <span class='ocrx_word' id='word_1_393' title='bbox 933 3200 1255 3245; x_wconf 89' lang='lat' dir='ltr'>ecclesiarum</span> <span class='ocrx_word' id='word_1_394' title='bbox 1278 3200 1715 3259; x_wconf 90' lang='lat' dir='ltr'>appropriatorum</span> <span class='ocrx_word' id='word_1_395' title='bbox 1750 3201 2067 3247; x_wconf 78' lang='lat' dir='ltr'>monasterio,</span> <span class='ocrx_word' id='word_1_396' title='bbox 2137 3201 2238 3247; x_wconf 87' lang='lat' dir='ltr'>Sed</span> <span class='ocrx_word' id='word_1_397' title='bbox 2273 3216 2334 3249; x_wconf 93' lang='lat' dir='ltr'>eo</span> 
     </span>
     <span class='ocr_line' id='line_1_45' title="bbox 287 3261 2331 3324; baseline 0.003 -19"><span class='ocrx_word' id='word_1_398' title='bbox 287 3261 423 3321; x_wconf 92' lang='lat' dir='ltr'>quod</span> <span class='ocrx_word' id='word_1_399' title='bbox 448 3275 547 3306; x_wconf 91' lang='lat' dir='ltr'>non</span> <span class='ocrx_word' id='word_1_400' title='bbox 572 3262 859 3307; x_wconf 90' lang='lat' dir='ltr'>continebat</span> <span class='ocrx_word' id='word_1_401' title='bbox 893 3264 1095 3321; x_wconf 91' lang='lat' dir='ltr'>plenum</span> <span class='ocrx_word' id='word_1_402' title='bbox 1120 3266 1169 3309; x_wconf 90' lang='lat' dir='ltr'>et</span> <span class='ocrx_word' id='word_1_403' title='bbox 1191 3277 1364 3308; x_wconf 89' lang='lat' dir='ltr'>verum</span> <span class='ocrx_word' id='word_1_404' title='bbox 1399 3265 1581 3308; x_wconf 91' lang='lat' dir='ltr'>statum</span> <span class='ocrx_word' id='word_1_405' title='bbox 1615 3263 1924 3324; x_wconf 79' lang='lat' dir='ltr'>monasterij⁴</span> <span class='ocrx_word' id='word_1_406' title='bbox 1958 3279 2051 3310; x_wconf 91' lang='lat' dir='ltr'>nec</span> <span class='ocrx_word' id='word_1_407' title='bbox 2086 3265 2246 3311; x_wconf 89' lang='lat' dir='ltr'>eciam</span> <span class='ocrx_word' id='word_1_408' title='bbox 2279 3265 2331 3311; x_wconf 92' lang='lat' dir='ltr'>in</span> 
     </span>
     <span class='ocr_line' id='line_1_46' title="bbox 289 3325 2335 3387; baseline 0.003 -19"><span class='ocrx_word' id='word_1_409' title='bbox 289 3338 389 3384; x_wconf 93' lang='lat' dir='ltr'>quo</span> <span class='ocrx_word' id='word_1_410' title='bbox 413 3327 543 3369; x_wconf 87' lang='lat' dir='ltr'>statu</span> <span class='ocrx_word' id='word_1_411' title='bbox 565 3325 846 3383; x_wconf 88' lang='lat' dir='ltr'>reperiebat</span> <span class='ocrx_word' id='word_1_412' title='bbox 880 3327 1235 3372; x_wconf 90' lang='lat' dir='ltr'>monasterium</span> <span class='ocrx_word' id='word_1_413' title='bbox 1268 3327 1319 3372; x_wconf 90' lang='lat' dir='ltr'>in</span> <span class='ocrx_word' id='word_1_414' title='bbox 1354 3327 1504 3372; x_wconf 88' lang='lat' dir='ltr'>inicio</span> <span class='ocrx_word' id='word_1_415' title='bbox 1539 3327 1790 3386; x_wconf 83' lang='lat' dir='ltr'>ingressus</span> <span class='ocrx_word' id='word_1_416' title='bbox 1824 3328 1912 3384; x_wconf 85' lang='lat' dir='ltr'>sui,</span> <span class='ocrx_word' id='word_1_417' title='bbox 1938 3328 2092 3387; x_wconf 91' lang='lat' dir='ltr'>peciit</span> <span class='ocrx_word' id='word_1_418' title='bbox 2124 3329 2190 3374; x_wconf 89' lang='lat' dir='ltr'>ab</span> <span class='ocrx_word' id='word_1_419' title='bbox 2223 3329 2335 3387; x_wconf 90' lang='lat' dir='ltr'>ipso</span> 
     </span>
    </p>
   </div>
   <div class='ocr_carea' id='block_1_3' title="bbox 390 3434 998 3637">
    <p class='ocr_par' dir='ltr' id='par_1_8' title="bbox 391 3434 785 3474">
     <span class='ocr_line' id='line_1_47' title="bbox 391 3434 785 3474; baseline 0.008 -3"><span class='ocrx_word' id='word_1_420' title='bbox 391 3434 404 3458; x_wconf 83' lang='lat'>1</span> <span class='ocrx_word' id='word_1_421' title='bbox 431 3448 542 3472; x_wconf 82' lang='lat' dir='ltr'><em>execu</em></span> <span class='ocrx_word' id='word_1_422' title='bbox 570 3436 785 3474; x_wconf 83' lang='lat' dir='ltr'>cancelled.</span> 
     </span>
    </p>

    <p class='ocr_par' dir='ltr' id='par_1_9' title="bbox 392 3486 509 3523">
     <span class='ocr_line' id='line_1_48' title="bbox 392 3486 509 3523; baseline 0.017 -2"><span class='ocrx_word' id='word_1_423' title='bbox 392 3486 408 3510; x_wconf 82' lang='lat'>2</span> <span class='ocrx_word' id='word_1_424' title='bbox 435 3486 509 3523; x_wconf 81' lang='lat' dir='ltr'>Sic.</span> 
     </span>
    </p>

    <p class='ocr_par' dir='ltr' id='par_1_10' title="bbox 390 3536 998 3637">
     <span class='ocr_line' id='line_1_49' title="bbox 390 3536 998 3587; baseline 0.008 -15"><span class='ocrx_word' id='word_1_425' title='bbox 390 3536 406 3560; x_wconf 80' lang='lat'>³</span> <span class='ocrx_word' id='word_1_426' title='bbox 434 3537 494 3575; x_wconf 83' lang='lat' dir='ltr'>Sic</span> <span class='ocrx_word' id='word_1_427' title='bbox 509 3551 523 3574; x_wconf 88' lang='grc'>.·</span> <span class='ocrx_word' id='word_1_428' title='bbox 543 3537 768 3587; x_wconf 81' lang='lat' dir='ltr'>procedebat</span> <span class='ocrx_word' id='word_1_429' title='bbox 783 3538 815 3576; x_wconf 90' lang='lat' dir='ltr'>is</span> <span class='ocrx_word' id='word_1_430' title='bbox 835 3539 998 3578; x_wconf 80' lang='lat' dir='ltr'>needed.</span> 
     </span>
     <span class='ocr_line' id='line_1_50' title="bbox 391 3587 778 3637; baseline 0.005 -14"><span class='ocrx_word' id='word_1_431' title='bbox 391 3587 407 3612; x_wconf 78' lang='lat'><strong>⁴</strong></span> <span class='ocrx_word' id='word_1_432' title='bbox 427 3589 548 3637; x_wconf 80' lang='lat' dir='ltr'>peciit</span> <span class='ocrx_word' id='word_1_433' title='bbox 564 3589 778 3627; x_wconf 86' lang='lat' dir='ltr'>cancelled.</span> 
     </span>
    </p>
   </div>
   <div class='ocr_carea' id='block_1_4' title="bbox 285 3677 2328 3888">
    <p class='ocr_par' dir='ltr' id='par_1_11' title="bbox 285 3677 2328 3783">
     <span class='ocr_line' id='line_1_51' title="bbox 390 3677 2328 3732; baseline 0.004 -18"><span class='ocrx_word' id='word_1_434' title='bbox 390 3677 402 3700; x_wconf 82' lang='lat'>¹</span> <span class='ocrx_word' id='word_1_435' title='bbox 430 3677 529 3715; x_wconf 88' lang='lat' dir='ltr'>This</span> <span class='ocrx_word' id='word_1_436' title='bbox 561 3677 747 3715; x_wconf 87' lang='lat' dir='ltr'>included</span> <span class='ocrx_word' id='word_1_437' title='bbox 777 3678 887 3716; x_wconf 83' lang='lat' dir='ltr'>three</span> <span class='ocrx_word' id='word_1_438' title='bbox 920 3680 1015 3716; x_wconf 83' lang='lat' dir='ltr'>such</span> <span class='ocrx_word' id='word_1_439' title='bbox 1049 3681 1267 3728; x_wconf 88' lang='lat' dir='ltr'>occasions,</span> <span class='ocrx_word' id='word_1_440' title='bbox 1297 3682 1388 3728; x_wconf 67' lang='lat' dir='ltr'>viz„</span> <span class='ocrx_word' id='word_1_441' title='bbox 1408 3682 1477 3720; x_wconf 88' lang='lat' dir='ltr'>the</span> <span class='ocrx_word' id='word_1_442' title='bbox 1505 3695 1598 3720; x_wconf 85' lang='lat' dir='ltr'>eves</span> <span class='ocrx_word' id='word_1_443' title='bbox 1627 3683 1669 3720; x_wconf 89' lang='lat' dir='ltr'>of</span> <span class='ocrx_word' id='word_1_444' title='bbox 1696 3683 1763 3720; x_wconf 90' lang='lat' dir='ltr'>the</span> <span class='ocrx_word' id='word_1_445' title='bbox 1797 3682 2012 3721; x_wconf 84' lang='lat' dir='ltr'>Visitation</span> <span class='ocrx_word' id='word_1_446' title='bbox 2047 3684 2083 3732; x_wconf 84' lang='lat'>(1</span> <span class='ocrx_word' id='word_1_447' title='bbox 2116 3681 2241 3732; x_wconf 88' lang='lat' dir='ltr'>July)‚</span> <span class='ocrx_word' id='word_1_448' title='bbox 2261 3682 2328 3722; x_wconf 81' lang='lat' dir='ltr'>the</span> 
     </span>
     <span class='ocr_line' id='line_1_52' title="bbox 285 3728 1666 3783; baseline 0.005 -19"><span class='ocrx_word' id='word_1_449' title='bbox 285 3728 544 3777; x_wconf 82' lang='lat' dir='ltr'>Assumption</span> <span class='ocrx_word' id='word_1_450' title='bbox 568 3730 631 3777; x_wconf 87' lang='lat'>(14</span> <span class='ocrx_word' id='word_1_451' title='bbox 652 3729 771 3778; x_wconf 85' lang='lat' dir='ltr'>Aug.)</span> <span class='ocrx_word' id='word_1_452' title='bbox 793 3730 868 3766; x_wconf 88' lang='lat' dir='ltr'>and</span> <span class='ocrx_word' id='word_1_453' title='bbox 888 3730 954 3767; x_wconf 88' lang='lat' dir='ltr'>the</span> <span class='ocrx_word' id='word_1_454' title='bbox 975 3730 1159 3780; x_wconf 86' lang='lat' dir='ltr'>Nativity</span> <span class='ocrx_word' id='word_1_455' title='bbox 1179 3732 1220 3769; x_wconf 82' lang='lat' dir='ltr'>of</span> <span class='ocrx_word' id='word_1_456' title='bbox 1237 3745 1309 3770; x_wconf 86' lang='lat' dir='ltr'>our</span> <span class='ocrx_word' id='word_1_457' title='bbox 1331 3733 1442 3783; x_wconf 90' lang='lat' dir='ltr'>Lady</span> <span class='ocrx_word' id='word_1_458' title='bbox 1464 3736 1500 3781; x_wconf 89' lang='grc'>(7</span> <span class='ocrx_word' id='word_1_459' title='bbox 1522 3733 1666 3783; x_wconf 85' lang='lat' dir='ltr'>Sept.).</span> 
     </span>
    </p>

    <p class='ocr_par' dir='ltr' id='par_1_12' title="bbox 385 3777 1862 3831">
     <span class='ocr_line' id='line_1_53' title="bbox 385 3777 1862 3831; baseline 0.003 -14"><span class='ocrx_word' id='word_1_460' title='bbox 385 3777 402 3801; x_wconf 78' lang='lat'>2</span> <span class='ocrx_word' id='word_1_461' title='bbox 432 3788 476 3824; x_wconf 88' lang='lat'>19</span> <span class='ocrx_word' id='word_1_462' title='bbox 496 3778 601 3826; x_wconf 64' lang='lat' dir='ltr'>Oct„</span> <span class='ocrx_word' id='word_1_463' title='bbox 627 3790 736 3826; x_wconf 86' lang='lat'>1441.</span> <span class='ocrx_word' id='word_1_464' title='bbox 790 3779 878 3817; x_wconf 84' lang='lat' dir='ltr'>The</span> <span class='ocrx_word' id='word_1_465' title='bbox 898 3781 1038 3830; x_wconf 88' lang='lat' dir='ltr'>bishop</span> <span class='ocrx_word' id='word_1_466' title='bbox 1058 3783 1257 3828; x_wconf 84' lang='lat' dir='ltr'>returned,</span> <span class='ocrx_word' id='word_1_467' title='bbox 1277 3796 1319 3821; x_wconf 93' lang='lat' dir='ltr'>as</span> <span class='ocrx_word' id='word_1_468' title='bbox 1338 3785 1416 3821; x_wconf 88' lang='lat' dir='ltr'>will</span> <span class='ocrx_word' id='word_1_469' title='bbox 1437 3785 1484 3821; x_wconf 89' lang='lat' dir='ltr'>be</span> <span class='ocrx_word' id='word_1_470' title='bbox 1503 3797 1609 3831; x_wconf 88' lang='lat' dir='ltr'>seen,</span> <span class='ocrx_word' id='word_1_471' title='bbox 1632 3797 1682 3821; x_wconf 89' lang='lat' dir='ltr'>on</span> <span class='ocrx_word' id='word_1_472' title='bbox 1709 3794 1724 3821; x_wconf 93' lang='lat'>1</span> <span class='ocrx_word' id='word_1_473' title='bbox 1747 3783 1862 3828; x_wconf 87' lang='lat' dir='ltr'>June.</span> 
     </span>
    </p>

    <p class='ocr_par' dir='ltr' id='par_1_13' title="bbox 385 3828 2045 3888">
     <span class='ocr_line' id='line_1_54' title="bbox 385 3828 2045 3888; baseline 0.005 -22"><span class='ocrx_word' id='word_1_474' title='bbox 385 3828 401 3852; x_wconf 81' lang='lat'><strong>⁸</strong></span> <span class='ocrx_word' id='word_1_475' title='bbox 426 3828 494 3870; x_wconf 66' lang='grc' dir='ltr'>[ι.</span> <span class='ocrx_word' id='word_1_476' title='bbox 517 3829 785 3882; x_wconf 86' lang='lat' dir='ltr'>Marmyone’s</span> <span class='ocrx_word' id='word_1_477' title='bbox 805 3844 927 3876; x_wconf 87' lang='lat' dir='ltr'>room,</span> <span class='ocrx_word' id='word_1_478' title='bbox 947 3832 1014 3870; x_wconf 80' lang='lat' dir='ltr'>the</span> <span class='ocrx_word' id='word_1_479' title='bbox 1034 3833 1207 3885; x_wconf 82' lang='lat' dir='ltr'>position</span> <span class='ocrx_word' id='word_1_480' title='bbox 1227 3835 1269 3872; x_wconf 86' lang='lat' dir='ltr'>of</span> <span class='ocrx_word' id='word_1_481' title='bbox 1285 3834 1412 3875; x_wconf 85' lang='lat' dir='ltr'>which</span> <span class='ocrx_word' id='word_1_482' title='bbox 1432 3835 1504 3873; x_wconf 84' lang='lat' dir='ltr'>has</span> <span class='ocrx_word' id='word_1_483' title='bbox 1524 3836 1624 3873; x_wconf 88' lang='lat' dir='ltr'>been</span> <span class='ocrx_word' id='word_1_484' title='bbox 1644 3835 1852 3874; x_wconf 88' lang='lat' dir='ltr'>discussed</span> <span class='ocrx_word' id='word_1_485' title='bbox 1870 3835 2045 3888; x_wconf 85' lang='lat' dir='ltr'>already.</span> 
     </span>
    </p>
   </div>
  </div>
 </body>
</html>
